id,day,symbol,time,timestamp,price,volume
69,2024-09-20,SPX241220P05600000,2024-09-20T13:37:56,1726839476312,107.6,1
70,2024-09-20,SPX241220P05600000,2024-09-20T14:05:13,1726841113972,111.2,1
71,2024-09-20,SPX241220P05600000,2024-09-20T14:06:15,1726841175086,111,1
72,2024-09-20,SPX241220P05600000,2024-09-20T14:25:33,1726842333539,109.1,28
73,2024-09-20,SPX241220P05600000,2024-09-20T14:25:33,1726842333539,109.1,12
74,2024-09-20,SPX241220P05600000,2024-09-20T14:25:33,1726842333539,109.1,10
75,2024-09-20,SPX241220P05600000,2024-09-20T14:34:27,1726842867027,109.97,100
76,2024-09-20,SPX241220P05600000,2024-09-20T14:34:27,1726842867028,109.97,100
79,2024-09-20,SPX241220P05600000,2024-09-20T14:34:27,1726842867029,109.97,100
80,2024-09-20,SPX241220P05600000,2024-09-20T14:34:27,1726842867030,109.97,100
81,2024-09-20,SPX241220P05600000,2024-09-20T14:34:27,1726842867030,109.97,150
83,2024-09-20,SPX241220P05600000,2024-09-20T14:34:27,1726842867031,109.97,200
84,2024-09-20,SPX241220P05600000,2024-09-20T14:34:27,1726842867093,109.97,200
85,2024-09-20,SPX241220P05600000,2024-09-20T14:34:27,1726842867163,109.97,100
86,2024-09-20,SPX241220P05600000,2024-09-20T14:34:27,1726842867226,109.97,100
87,2024-09-20,SPX241220P05600000,2024-09-20T14:34:28,1726842868338,109.97,100
88,2024-09-20,SPX241220P05600000,2024-09-20T14:34:28,1726842868400,109.97,100
89,2024-09-20,SPX241220P05600000,2024-09-20T14:34:28,1726842868533,109.97,100
90,2024-09-20,SPX241220P05600000,2024-09-20T14:34:28,1726842868536,109.97,50
91,2024-09-20,SPX241220P05600000,2024-09-20T14:56:02,1726844162999,109.38,100
92,2024-09-20,SPX241220P05600000,2024-09-20T15:50:13,1726847413377,109.46,800
93,2024-09-20,SPX241220P05600000,2024-09-20T15:55:58,1726847758586,110.22,100
96,2024-09-20,SPX241220P05600000,2024-09-20T15:55:58,1726847758669,110.22,200
97,2024-09-20,SPX241220P05600000,2024-09-20T16:10:20,1726848620044,108.94,1
98,2024-09-20,SPX241220P05600000,2024-09-20T16:44:25,1726850665242,105.82,1
99,2024-09-20,SPX241220P05600000,2024-09-20T16:46:51,1726850811526,105.43,2
100,2024-09-20,SPX241220P05600000,2024-09-20T16:58:13,1726851493434,105.25,9
101,2024-09-20,SPX241220P05600000,2024-09-20T17:01:14,1726851674202,105.25,2
102,2024-09-20,SPX241220P05600000,2024-09-20T17:07:39,1726852059929,105.22,2
103,2024-09-20,SPX241220P05600000,2024-09-20T17:10:49,1726852249974,105.85,1
104,2024-09-20,SPX241220P05600000,2024-09-20T17:16:24,1726852584080,105.4,1
105,2024-09-20,SPX241220P05600000,2024-09-20T17:39:26,1726853966655,105.26,2
106,2024-09-20,SPX241220P05600000,2024-09-20T17:42:54,1726854174170,104.95,4
107,2024-09-20,SPX241220P05600000,2024-09-20T17:53:20,1726854800693,106.64,2
108,2024-09-20,SPX241220P05600000,2024-09-20T17:53:53,1726854833542,106.63,3
109,2024-09-20,SPX241220P05600000,2024-09-20T18:02:09,1726855329171,108.2,2
110,2024-09-20,SPX241220P05600000,2024-09-20T18:09:04,1726855744485,110.71,3
111,2024-09-20,SPX241220P05600000,2024-09-20T18:21:13,1726856473024,111.1,6
112,2024-09-20,SPX241220P05600000,2024-09-20T18:21:13,1726856473025,111.1,12
113,2024-09-20,SPX241220P05600000,2024-09-20T18:21:16,1726856476600,111.14,2
114,2024-09-20,SPX241220P05600000,2024-09-20T18:30:54,1726857054873,113.2,1
115,2024-09-20,SPX241220P05600000,2024-09-20T18:32:30,1726857150875,112.24,2
116,2024-09-20,SPX241220P05600000,2024-09-20T18:53:10,1726858390708,110.7,13
117,2024-09-20,SPX241220P05600000,2024-09-20T18:53:10,1726858390978,110.7,37
118,2024-09-20,SPX241220P05600000,2024-09-20T19:22:54,1726860174325,107.15,1
119,2024-09-20,SPX241220P05600000,2024-09-20T19:38:47,1726861127729,103.86,3
120,2024-09-20,SPX241220P05600000,2024-09-20T19:42:04,1726861324879,104.09,3
121,2024-09-20,SPX241220P05600000,2024-09-20T19:48:30,1726861710071,104.65,50
122,2024-09-20,SPX241220P05600000,2024-09-20T19:48:30,1726861710074,104.65,50
123,2024-09-20,SPX241220P05600000,2024-09-20T19:48:30,1726861710074,104.65,100
124,2024-09-20,SPX241220P05600000,2024-09-20T19:52:10,1726861930105,105.7,50
126,2024-09-20,SPX241220P05600000,2024-09-20T19:52:10,1726861930105,105.7,100
127,2024-09-20,SPX241220P05600000,2024-09-20T19:57:22,1726862242756,106.48,1
128,2024-09-20,SPX261218P03400000,2024-09-20T19:40:02,1726861202034,62.75,100
130,2024-09-20,SPX261218P03400000,2024-09-20T19:40:02,1726861202034,62.75,49
131,2024-09-20,SPX261218P03400000,2024-09-20T19:40:02,1726861202035,62.75,100
132,2024-09-20,SPX261218P03400000,2024-09-20T19:40:02,1726861202035,62.75,125
133,2024-09-20,SPX261218P03400000,2024-09-20T19:40:02,1726861202035,62.75,150
137,2024-09-20,SPX261218C05300000,2024-09-20T14:16:22,1726841782491,1009.13,1
138,2024-09-20,SPX261218C05300000,2024-09-20T14:16:48,1726841808360,1009.26,1
139,2024-09-20,SPX261218P04200000,2024-09-20T13:32:58,1726839178795,125.19,1
140,2024-09-20,SPX241220P04900000,2024-09-20T13:30:02,1726839002661,27.6,6
141,2024-09-20,SPX241220P04900000,2024-09-20T13:30:02,1726839002661,27.6,4
142,2024-09-20,SPX241220P04900000,2024-09-20T13:45:49,1726839949011,27.7,4
143,2024-09-20,SPX241220P04900000,2024-09-20T13:59:08,1726840748874,28.3,31
144,2024-09-20,SPX241220P04900000,2024-09-20T14:20:13,1726842013930,28,20
145,2024-09-20,SPX241220P04900000,2024-09-20T14:39:37,1726843177939,27.32,83
146,2024-09-20,SPX241220P04900000,2024-09-20T14:39:37,1726843177939,27.32,168
147,2024-09-20,SPX241220P04900000,2024-09-20T14:39:37,1726843177939,27.32,82
148,2024-09-20,SPX241220P04900000,2024-09-20T14:39:37,1726843177940,27.32,168
150,2024-09-20,SPX241220P04900000,2024-09-20T14:39:37,1726843177940,27.32,670
152,2024-09-20,SPX241220P04900000,2024-09-20T14:39:37,1726843177941,27.32,168
153,2024-09-20,SPX241220P04900000,2024-09-20T14:41:29,1726843289941,27.4,1
154,2024-09-20,SPX241220P04900000,2024-09-20T14:42:14,1726843334198,27.5,2
156,2024-09-20,SPX241220P04900000,2024-09-20T14:42:14,1726843334198,27.5,1
157,2024-09-20,SPX241220P04900000,2024-09-20T14:42:35,1726843355061,27.57,5
158,2024-09-20,SPX241220P04900000,2024-09-20T14:42:51,1726843371825,27.5,26
159,2024-09-20,SPX241220P04900000,2024-09-20T14:45:53,1726843553030,27.37,6
161,2024-09-20,SPX241220P04900000,2024-09-20T15:01:25,1726844485493,27.32,49
163,2024-09-20,SPX241220P04900000,2024-09-20T15:01:25,1726844485499,27.32,33
164,2024-09-20,SPX241220P04900000,2024-09-20T15:06:26,1726844786248,28.15,1
165,2024-09-20,SPX241220P04900000,2024-09-20T15:32:19,1726846339586,28.5,50
167,2024-09-20,SPX241220P04900000,2024-09-20T15:32:19,1726846339587,28.5,50
168,2024-09-20,SPX241220P04900000,2024-09-20T15:32:19,1726846339588,28.5,50
170,2024-09-20,SPX241220P04900000,2024-09-20T15:32:19,1726846339589,28.5,100
171,2024-09-20,SPX241220P04900000,2024-09-20T15:32:19,1726846339590,28.5,50
172,2024-09-20,SPX241220P04900000,2024-09-20T15:32:19,1726846339591,28.5,50
174,2024-09-20,SPX241220P04900000,2024-09-20T15:32:19,1726846339592,28.5,25
175,2024-09-20,SPX241220P04900000,2024-09-20T15:32:19,1726846339593,28.5,50
176,2024-09-20,SPX241220P04900000,2024-09-20T15:37:12,1726846632954,28.2,2
177,2024-09-20,SPX241220P04900000,2024-09-20T19:14:11,1726859651026,27.4,1
178,2024-09-20,SPX241220P04900000,2024-09-20T19:16:44,1726859804307,27.25,1
179,2024-09-20,SPX241220P04900000,2024-09-20T19:55:57,1726862157721,26.7,2
180,2024-09-20,SPX241220P04900000,2024-09-20T19:57:26,1726862246047,26.2,1832
181,2024-09-20,SPX241220P05700000,2024-09-20T13:39:42,1726839582778,135,9
182,2024-09-20,SPX241220P05700000,2024-09-20T13:44:59,1726839899418,137.03,1
183,2024-09-20,SPX241220P05700000,2024-09-20T13:45:34,1726839934815,138.22,1
184,2024-09-20,SPX241220P05700000,2024-09-20T13:46:28,1726839988909,137.94,1
185,2024-09-20,SPX241220P05700000,2024-09-20T13:46:43,1726840003803,137.98,10
186,2024-09-20,SPX241220P05700000,2024-09-20T13:49:58,1726840198124,138.2,1
187,2024-09-20,SPX241220P05700000,2024-09-20T13:50:12,1726840212553,137.59,1
188,2024-09-20,SPX241220P05700000,2024-09-20T13:50:23,1726840223697,137.49,1
189,2024-09-20,SPX241220P05700000,2024-09-20T13:51:07,1726840267786,136.51,1
190,2024-09-20,SPX241220P05700000,2024-09-20T13:51:36,1726840296560,137.16,3
191,2024-09-20,SPX241220P05700000,2024-09-20T13:51:45,1726840305740,137.32,1
192,2024-09-20,SPX241220P05700000,2024-09-20T14:05:36,1726841136989,140.3,9
193,2024-09-20,SPX241220P05700000,2024-09-20T14:25:39,1726842339697,137.94,2
194,2024-09-20,SPX241220P05700000,2024-09-20T14:48:43,1726843723603,138.37,2
195,2024-09-20,SPX241220P05700000,2024-09-20T14:55:51,1726844151649,142.1,10
196,2024-09-20,SPX241220P05700000,2024-09-20T15:50:13,1726847413319,138,1000
197,2024-09-20,SPX241220P05700000,2024-09-20T16:10:20,1726848620044,137.67,1
198,2024-09-20,SPX241220P05700000,2024-09-20T16:33:01,1726849981600,135,25
199,2024-09-20,SPX241220P05700000,2024-09-20T16:44:25,1726850665242,133.81,2
200,2024-09-20,SPX241220P05700000,2024-09-20T16:46:51,1726850811526,133.26,1
201,2024-09-20,SPX241220P05700000,2024-09-20T16:56:45,1726851405478,133.22,10
202,2024-09-20,SPX241220P05700000,2024-09-20T16:57:15,1726851435152,132.95,4
204,2024-09-20,SPX241220P05700000,2024-09-20T16:58:13,1726851493434,133.1,9
205,2024-09-20,SPX241220P05700000,2024-09-20T17:00:11,1726851611519,133.4,10
206,2024-09-20,SPX241220P05700000,2024-09-20T17:00:20,1726851620582,133.4,10
207,2024-09-20,SPX241220P05700000,2024-09-20T17:00:31,1726851631546,133.36,10
208,2024-09-20,SPX241220P05700000,2024-09-20T17:00:47,1726851647218,133.43,2
210,2024-09-20,SPX241220P05700000,2024-09-20T17:00:47,1726851647218,133.43,1
211,2024-09-20,SPX241220P05700000,2024-09-20T17:00:59,1726851659488,132.58,10
212,2024-09-20,SPX241220P05700000,2024-09-20T17:01:14,1726851674202,133.17,1
213,2024-09-20,SPX241220P05700000,2024-09-20T17:10:49,1726852249974,133.85,2
214,2024-09-20,SPX241220P05700000,2024-09-20T17:23:06,1726852986105,133.55,50
215,2024-09-20,SPX241220P05700000,2024-09-20T17:23:06,1726852986188,133.55,100
216,2024-09-20,SPX241220P05700000,2024-09-20T17:50:45,1726854645174,134.65,1
217,2024-09-20,SPX241220P05700000,2024-09-20T17:53:20,1726854800693,134.77,1
218,2024-09-20,SPX241220P05700000,2024-09-20T18:02:09,1726855329171,136.6,1
219,2024-09-20,SPX241220P05700000,2024-09-20T18:10:41,1726855841066,141.23,3
220,2024-09-20,SPX241220P05700000,2024-09-20T18:16:07,1726856167878,139.9,11
221,2024-09-20,SPX241220P05700000,2024-09-20T18:42:21,1726857741763,143.21,3
222,2024-09-20,SPX241220P05700000,2024-09-20T18:44:11,1726857851769,141.8,12
223,2024-09-20,SPX241220P05700000,2024-09-20T18:49:59,1726858199959,141.4,1
224,2024-09-20,SPX241220P05700000,2024-09-20T19:12:35,1726859555147,137.94,3
225,2024-09-20,SPX241220P05700000,2024-09-20T19:22:54,1726860174325,135.36,1
226,2024-09-20,SPX241220P05700000,2024-09-20T19:29:23,1726860563559,134.92,9
228,2024-09-20,SPX241220P05700000,2024-09-20T19:29:23,1726860563559,134.92,35
229,2024-09-20,SPX241220P05700000,2024-09-20T19:29:23,1726860563560,134.92,9
232,2024-09-20,SPX241220P05700000,2024-09-20T19:36:55,1726861015627,134,3
233,2024-09-20,SPX241220P05700000,2024-09-20T19:38:37,1726861117898,131.23,1
234,2024-09-20,SPX241220P05700000,2024-09-20T19:54:09,1726862049641,134,90
235,2024-09-20,SPX241220P05700000,2024-09-20T19:57:26,1726862246047,133,831
236,2024-09-20,SPX261218C04600000,2024-09-20T13:57:10,1726840630017,1528.21,1
237,2024-09-20,SPX261218C04600000,2024-09-20T15:05:37,1726844737699,1520,1
238,2024-09-20,SPX251219C05000000,2024-09-20T15:14:18,1726845258202,1022.25,1
239,2024-09-20,SPX241220P05800000,2024-09-20T13:36:54,1726839414709,174.08,2
240,2024-09-20,SPX241220P05800000,2024-09-20T15:55:49,1726847749394,180,6
241,2024-09-20,SPX241220P05800000,2024-09-20T15:55:49,1726847749394,180,5
242,2024-09-20,SPX241220P05800000,2024-09-20T15:55:49,1726847749394,180,7
243,2024-09-20,SPX241220P05800000,2024-09-20T17:16:24,1726852584080,171.13,1
244,2024-09-20,SPX241220P05800000,2024-09-20T17:25:59,1726853159504,171.2,7
245,2024-09-20,SPX241220P05800000,2024-09-20T18:53:23,1726858403085,177.85,1
246,2024-09-20,SPX241220P05800000,2024-09-20T19:43:16,1726861396334,167.69,1
247,2024-09-20,SPX241220P05800000,2024-09-20T19:57:22,1726862242756,172.98,1
248,2024-09-20,SPX241220P05800000,2024-09-20T19:57:26,1726862246047,171,252
249,2024-09-20,SPX261218C05500000,2024-09-20T14:12:27,1726841547593,876.54,1
250,2024-09-20,SPX261218C05500000,2024-09-20T14:12:35,1726841555759,876.25,1
251,2024-09-20,SPX251219P04000000,2024-09-20T13:59:26,1726840766922,59.5,1
252,2024-09-20,SPX251219P04000000,2024-09-20T14:11:01,1726841461859,59.7,1
253,2024-09-20,SPX251219P04000000,2024-09-20T14:25:10,1726842310757,59,1
254,2024-09-20,SPX251219P04000000,2024-09-20T15:13:18,1726845198904,60,1
255,2024-09-20,SPX251219P04000000,2024-09-20T16:34:34,1726850074450,58.66,2
256,2024-09-20,SPX251219P04000000,2024-09-20T17:21:11,1726852871885,58.3,1
257,2024-09-20,SPX251219P04000000,2024-09-20T18:28:59,1726856939709,59.7,1
258,2024-09-20,SPX251219P04000000,2024-09-20T19:21:08,1726860068280,59,1
259,2024-09-20,SPX241220C04000000,2024-09-20T13:44:00,1726839840561,1750.58,1
260,2024-09-20,SPX241220C04000000,2024-09-20T13:52:41,1726840361541,1746.53,3
261,2024-09-20,SPX241220C04000000,2024-09-20T13:52:41,1726840361541,1746.53,1
262,2024-09-20,SPX241220C04000000,2024-09-20T14:16:52,1726841812055,1735.81,4
263,2024-09-20,SPX241220C04000000,2024-09-20T14:17:59,1726841879017,1738.06,4
264,2024-09-20,SPX241220C04000000,2024-09-20T14:26:02,1726842362449,1743.5,1
265,2024-09-20,SPX241220C04000000,2024-09-20T14:29:18,1726842558203,1741.76,2
266,2024-09-20,SPX241220C04000000,2024-09-20T14:29:18,1726842558203,1741.76,3
267,2024-09-20,SPX241220C04000000,2024-09-20T14:37:41,1726843061728,1743.48,1
268,2024-09-20,SPX241220C04000000,2024-09-20T14:38:49,1726843129181,1745.17,7
269,2024-09-20,SPX241220C04000000,2024-09-20T14:39:12,1726843152291,1745.94,10
270,2024-09-20,SPX241220C04000000,2024-09-20T14:39:33,1726843173515,1745.9,3
271,2024-09-20,SPX241220C04000000,2024-09-20T14:40:27,1726843227345,1744.91,9
272,2024-09-20,SPX241220C04000000,2024-09-20T14:47:42,1726843662492,1740.81,12
273,2024-09-20,SPX241220C04000000,2024-09-20T14:49:14,1726843754622,1740.58,1
274,2024-09-20,SPX241220C04000000,2024-09-20T14:53:13,1726843993387,1737.51,2
275,2024-09-20,SPX241220C04000000,2024-09-20T14:57:37,1726844257138,1734.27,4
276,2024-09-20,SPX241220C04000000,2024-09-20T15:02:04,1726844524695,1730.26,1
277,2024-09-20,SPX241220C04000000,2024-09-20T15:08:08,1726844888992,1731.77,3
278,2024-09-20,SPX241220C04000000,2024-09-20T15:14:05,1726845245015,1726.59,1
279,2024-09-20,SPX241220C04000000,2024-09-20T15:40:03,1726846803442,1734.94,5
280,2024-09-20,SPX241220C04000000,2024-09-20T15:48:20,1726847300730,1741.14,1
281,2024-09-20,SPX241220C04000000,2024-09-20T16:38:01,1726850281378,1747.76,14
282,2024-09-20,SPX241220C04000000,2024-09-20T16:48:53,1726850933655,1750.69,6
283,2024-09-20,SPX241220C04000000,2024-09-20T16:48:53,1726850933655,1750.69,4
285,2024-09-20,SPX241220C04000000,2024-09-20T17:03:57,1726851837798,1750.34,1
286,2024-09-20,SPX241220C04000000,2024-09-20T17:11:18,1726852278931,1749,1
287,2024-09-20,SPX241220C04000000,2024-09-20T17:31:13,1726853473108,1752.12,2
288,2024-09-20,SPX241220C04000000,2024-09-20T17:55:23,1726854923254,1748.78,1
290,2024-09-20,SPX241220C04000000,2024-09-20T17:57:41,1726855061256,1748.26,1
291,2024-09-20,SPX241220C04000000,2024-09-20T17:58:55,1726855135643,1749.19,1
292,2024-09-20,SPX241220C04000000,2024-09-20T17:59:00,1726855140272,1749.19,1
293,2024-09-20,SPX241220C04000000,2024-09-20T17:59:05,1726855145093,1749.22,1
294,2024-09-20,SPX241220C04000000,2024-09-20T17:59:07,1726855147886,1749.68,1
295,2024-09-20,SPX241220C04000000,2024-09-20T17:59:12,1726855152644,1749.65,1
296,2024-09-20,SPX241220C04000000,2024-09-20T17:59:12,1726855152913,1749.65,2
297,2024-09-20,SPX241220C04000000,2024-09-20T17:59:56,1726855196900,1749.25,1
298,2024-09-20,SPX241220C04000000,2024-09-20T18:01:07,1726855267289,1749.18,1
299,2024-09-20,SPX241220C04000000,2024-09-20T18:01:12,1726855272518,1747.76,1
300,2024-09-20,SPX241220C04000000,2024-09-20T18:01:12,1726855272809,1747.76,5
301,2024-09-20,SPX241220C04000000,2024-09-20T18:15:25,1726856125508,1738.5,3
302,2024-09-20,SPX241220C04000000,2024-09-20T18:15:25,1726856125508,1738.53,2
303,2024-09-20,SPX241220C04000000,2024-09-20T18:18:49,1726856329409,1739.14,3
304,2024-09-20,SPX241220C04000000,2024-09-20T18:18:49,1726856329409,1739.14,2
305,2024-09-20,SPX241220C04000000,2024-09-20T18:20:31,1726856431183,1737.55,2
306,2024-09-20,SPX241220C04000000,2024-09-20T18:23:11,1726856591565,1736.16,3
307,2024-09-20,SPX241220C04000000,2024-09-20T18:27:50,1726856870407,1735.76,3
308,2024-09-20,SPX241220C04000000,2024-09-20T18:27:50,1726856870407,1735.76,2
309,2024-09-20,SPX241220C04000000,2024-09-20T18:29:36,1726856976166,1735.09,3
310,2024-09-20,SPX241220C04000000,2024-09-20T18:29:36,1726856976166,1735.09,2
311,2024-09-20,SPX241220C04000000,2024-09-20T19:16:44,1726859804307,1743.2,1
312,2024-09-20,SPX241220C04000000,2024-09-20T19:35:27,1726860927567,1750,1
313,2024-09-20,SPX261218C04800000,2024-09-20T14:16:22,1726841782491,1368.7,1
314,2024-09-20,SPX261218C04800000,2024-09-20T14:16:48,1726841808360,1369.02,1
315,2024-09-20,SPX261218P05300000,2024-09-20T14:16:22,1726841782491,310.85,1
316,2024-09-20,SPX261218P05300000,2024-09-20T14:16:48,1726841808360,310.6,1
317,2024-09-20,SPX251219P04100000,2024-09-20T13:56:44,1726840604214,64.8,1
318,2024-09-20,SPX251219C04500000,2024-09-20T15:36:24,1726846584608,1440.39,1
319,2024-09-20,SPX261218P05400000,2024-09-20T15:41:18,1726846878962,333.76,1
321,2024-09-20,SPX261218P05400000,2024-09-20T19:42:39,1726861359889,331.72,1
322,2024-09-20,SPX251219P05000000,2024-09-20T13:46:06,1726839966980,157.9,1
323,2024-09-20,SPX251219P05000000,2024-09-20T14:59:25,1726844365574,160.09,40
324,2024-09-20,SPX251219P05000000,2024-09-20T15:14:18,1726845258202,161.24,1
325,2024-09-20,SPX251219P05000000,2024-09-20T18:56:06,1726858566518,160.2,1
326,2024-09-20,SPX241220C05000000,2024-09-20T13:52:41,1726840361541,783.08,3
327,2024-09-20,SPX241220C05000000,2024-09-20T13:52:41,1726840361541,783.08,1
328,2024-09-20,SPX241220C05000000,2024-09-20T13:53:20,1726840400028,783.01,1
329,2024-09-20,SPX241220C05000000,2024-09-20T14:00:43,1726840843206,775.38,1
330,2024-09-20,SPX241220C05000000,2024-09-20T14:06:55,1726841215322,778.71,1
332,2024-09-20,SPX241220C05000000,2024-09-20T14:07:48,1726841268706,777.45,1
333,2024-09-20,SPX241220C05000000,2024-09-20T14:16:52,1726841812055,773.1,4
334,2024-09-20,SPX241220C05000000,2024-09-20T14:17:59,1726841879017,775.11,4
335,2024-09-20,SPX241220C05000000,2024-09-20T14:24:58,1726842298703,779.73,10
336,2024-09-20,SPX241220C05000000,2024-09-20T14:24:58,1726842298703,779.67,1
338,2024-09-20,SPX241220C05000000,2024-09-20T14:25:55,1726842355432,780.24,1
339,2024-09-20,SPX241220C05000000,2024-09-20T14:27:21,1726842441330,779.49,1
340,2024-09-20,SPX241220C05000000,2024-09-20T14:28:50,1726842530592,779.07,2
341,2024-09-20,SPX241220C05000000,2024-09-20T14:29:18,1726842558203,778.37,2
342,2024-09-20,SPX241220C05000000,2024-09-20T14:29:18,1726842558203,778.37,3
343,2024-09-20,SPX241220C05000000,2024-09-20T14:31:24,1726842684352,776.15,2
344,2024-09-20,SPX241220C05000000,2024-09-20T14:31:35,1726842695514,776.03,1
345,2024-09-20,SPX241220C05000000,2024-09-20T14:35:42,1726842942748,778.23,2
346,2024-09-20,SPX241220C05000000,2024-09-20T14:38:49,1726843129181,781.42,7
347,2024-09-20,SPX241220C05000000,2024-09-20T14:39:12,1726843152291,782.19,10
348,2024-09-20,SPX241220C05000000,2024-09-20T14:39:33,1726843173515,782.07,3
349,2024-09-20,SPX241220C05000000,2024-09-20T14:40:36,1726843236403,781.15,8
350,2024-09-20,SPX241220C05000000,2024-09-20T14:53:13,1726843993387,774.26,2
351,2024-09-20,SPX241220C05000000,2024-09-20T15:14:05,1726845245015,764.09,1
352,2024-09-20,SPX241220C05000000,2024-09-20T15:27:22,1726846042560,768.25,41
353,2024-09-20,SPX241220C05000000,2024-09-20T15:40:03,1726846803442,771.84,5
354,2024-09-20,SPX241220C05000000,2024-09-20T15:48:20,1726847300730,777.59,1
355,2024-09-20,SPX241220C05000000,2024-09-20T15:50:38,1726847438190,776.12,18
356,2024-09-20,SPX241220C05000000,2024-09-20T16:03:40,1726848220573,776.23,1
357,2024-09-20,SPX241220C05000000,2024-09-20T16:37:00,1726850220817,783.03,1
358,2024-09-20,SPX241220C05000000,2024-09-20T16:37:38,1726850258487,785,1
359,2024-09-20,SPX241220C05000000,2024-09-20T16:38:01,1726850281378,783.75,14
360,2024-09-20,SPX241220C05000000,2024-09-20T16:48:53,1726850933655,786.29,6
361,2024-09-20,SPX241220C05000000,2024-09-20T16:48:53,1726850933655,786.29,4
363,2024-09-20,SPX241220C05000000,2024-09-20T16:50:09,1726851009882,786.75,60
365,2024-09-20,SPX241220C05000000,2024-09-20T16:50:15,1726851015346,788,1
366,2024-09-20,SPX241220C05000000,2024-09-20T16:59:38,1726851578463,785.97,1
367,2024-09-20,SPX241220C05000000,2024-09-20T17:03:57,1726851837798,785.74,1
368,2024-09-20,SPX241220C05000000,2024-09-20T17:11:18,1726852278931,784.75,1
369,2024-09-20,SPX241220C05000000,2024-09-20T17:12:28,1726852348455,786.4,10
370,2024-09-20,SPX241220C05000000,2024-09-20T17:12:40,1726852360997,787,1
371,2024-09-20,SPX241220C05000000,2024-09-20T17:14:13,1726852453195,788,1
372,2024-09-20,SPX241220C05000000,2024-09-20T17:31:13,1726853473108,787.57,2
373,2024-09-20,SPX241220C05000000,2024-09-20T17:35:51,1726853751884,790,1
374,2024-09-20,SPX241220C05000000,2024-09-20T17:36:12,1726853772374,789.2,105
375,2024-09-20,SPX241220C05000000,2024-09-20T17:55:23,1726854923254,784.68,1
377,2024-09-20,SPX241220C05000000,2024-09-20T17:57:41,1726855061256,784.21,1
378,2024-09-20,SPX241220C05000000,2024-09-20T17:58:55,1726855135643,784.94,1
379,2024-09-20,SPX241220C05000000,2024-09-20T17:59:00,1726855140272,784.94,1
380,2024-09-20,SPX241220C05000000,2024-09-20T17:59:05,1726855145093,784.97,1
381,2024-09-20,SPX241220C05000000,2024-09-20T17:59:07,1726855147886,785.38,1
382,2024-09-20,SPX241220C05000000,2024-09-20T17:59:12,1726855152644,785.4,1
383,2024-09-20,SPX241220C05000000,2024-09-20T17:59:12,1726855152913,785.4,2
384,2024-09-20,SPX241220C05000000,2024-09-20T17:59:56,1726855196900,784.95,1
385,2024-09-20,SPX241220C05000000,2024-09-20T18:01:07,1726855267289,784.93,1
386,2024-09-20,SPX241220C05000000,2024-09-20T18:01:12,1726855272518,783.61,1
387,2024-09-20,SPX241220C05000000,2024-09-20T18:01:12,1726855272809,783.61,5
388,2024-09-20,SPX241220C05000000,2024-09-20T18:20:31,1726856431183,774.69,2
389,2024-09-20,SPX241220C05000000,2024-09-20T18:21:29,1726856489542,774.37,1
390,2024-09-20,SPX241220C05000000,2024-09-20T18:23:11,1726856591565,773.21,3
391,2024-09-20,SPX241220C05000000,2024-09-20T18:24:59,1726856699861,773.1,1
392,2024-09-20,SPX241220C05000000,2024-09-20T18:32:36,1726857156783,771.63,1
393,2024-09-20,SPX241220C05000000,2024-09-20T19:30:00,1726860600299,785.44,1
394,2024-09-20,SPX241220C05000000,2024-09-20T19:31:17,1726860677957,785.08,5
395,2024-09-20,SPX241220C05000000,2024-09-20T19:35:27,1726860927567,785.52,1
396,2024-09-20,SPX241220C05000000,2024-09-20T19:38:36,1726861116454,792,1
397,2024-09-20,SPX241220C05000000,2024-09-20T19:40:13,1726861213963,790,1
398,2024-09-20,SPX241220C05000000,2024-09-20T19:40:18,1726861218976,791,1
399,2024-09-20,SPX241220C05000000,2024-09-20T19:40:54,1726861254440,791,1
400,2024-09-20,SPX241220C05000000,2024-09-20T19:41:25,1726861285237,792,1
401,2024-09-20,SPX241220C05000000,2024-09-20T19:57:26,1726862246116,790,1000
402,2024-09-20,SPX251219P03500000,2024-09-20T16:34:34,1726850074450,36.56,2
403,2024-09-20,SPX261218P05500000,2024-09-20T14:12:27,1726841547593,361.15,1
404,2024-09-20,SPX261218P05500000,2024-09-20T14:12:35,1726841555759,360.15,1
405,2024-09-20,SPX241220C05100000,2024-09-20T15:18:55,1726845535825,672.52,1
406,2024-09-20,SPX241220C05100000,2024-09-20T16:37:21,1726850241153,691,1
407,2024-09-20,SPX241220C05100000,2024-09-20T16:38:22,1726850302770,693,1
408,2024-09-20,SPX241220C05100000,2024-09-20T16:50:11,1726851011470,695,1
409,2024-09-20,SPX241220C05100000,2024-09-20T17:12:22,1726852342548,693,1
410,2024-09-20,SPX241220C05100000,2024-09-20T17:12:31,1726852351343,694,1
411,2024-09-20,SPX241220C05100000,2024-09-20T17:14:11,1726852451668,695,1
412,2024-09-20,SPX241220C05100000,2024-09-20T17:34:23,1726853663701,697,1
413,2024-09-20,SPX241220C05100000,2024-09-20T19:38:08,1726861088190,695,1
414,2024-09-20,SPX241220C05100000,2024-09-20T19:38:13,1726861093854,696,1
415,2024-09-20,SPX241220C05100000,2024-09-20T19:38:36,1726861116791,700,1
416,2024-09-20,SPX241220C05100000,2024-09-20T19:38:55,1726861135171,702,1
417,2024-09-20,SPX241220P04000000,2024-09-20T13:30:39,1726839039469,8.36,4
419,2024-09-20,SPX241220P04000000,2024-09-20T13:30:40,1726839040980,8.4,8
420,2024-09-20,SPX241220P04000000,2024-09-20T13:44:00,1726839840561,8.45,1
421,2024-09-20,SPX241220P04000000,2024-09-20T13:52:41,1726840361541,8.6,3
422,2024-09-20,SPX241220P04000000,2024-09-20T13:52:41,1726840361541,8.6,1
423,2024-09-20,SPX241220P04000000,2024-09-20T14:01:15,1726840875099,8.85,4
424,2024-09-20,SPX241220P04000000,2024-09-20T14:01:15,1726840875099,8.85,2
426,2024-09-20,SPX241220P04000000,2024-09-20T14:01:16,1726840876786,8.85,4
427,2024-09-20,SPX241220P04000000,2024-09-20T14:01:16,1726840876786,8.85,2
429,2024-09-20,SPX241220P04000000,2024-09-20T14:01:20,1726840880293,8.85,2
433,2024-09-20,SPX241220P04000000,2024-09-20T14:16:52,1726841812055,8.75,4
434,2024-09-20,SPX241220P04000000,2024-09-20T14:17:59,1726841879017,8.7,4
435,2024-09-20,SPX241220P04000000,2024-09-20T14:25:16,1726842316637,8.5,34
436,2024-09-20,SPX241220P04000000,2024-09-20T14:25:16,1726842316640,8.5,6
437,2024-09-20,SPX241220P04000000,2024-09-20T14:29:18,1726842558203,8.45,2
438,2024-09-20,SPX241220P04000000,2024-09-20T14:29:18,1726842558203,8.45,3
439,2024-09-20,SPX241220P04000000,2024-09-20T14:37:41,1726843061728,8.4,1
440,2024-09-20,SPX241220P04000000,2024-09-20T14:38:49,1726843129181,8.4,7
441,2024-09-20,SPX241220P04000000,2024-09-20T14:39:12,1726843152291,8.35,10
442,2024-09-20,SPX241220P04000000,2024-09-20T14:39:16,1726843156488,8.4,4
444,2024-09-20,SPX241220P04000000,2024-09-20T14:39:33,1726843173515,8.4,3
445,2024-09-20,SPX241220P04000000,2024-09-20T14:40:27,1726843227345,8.4,9
446,2024-09-20,SPX241220P04000000,2024-09-20T14:47:42,1726843662492,8.36,12
447,2024-09-20,SPX241220P04000000,2024-09-20T14:49:14,1726843754622,8.35,1
448,2024-09-20,SPX241220P04000000,2024-09-20T14:49:16,1726843756724,8.4,6
449,2024-09-20,SPX241220P04000000,2024-09-20T14:53:13,1726843993387,8.45,2
450,2024-09-20,SPX241220P04000000,2024-09-20T14:57:37,1726844257138,8.45,4
451,2024-09-20,SPX241220P04000000,2024-09-20T15:00:18,1726844418132,8.45,8
452,2024-09-20,SPX241220P04000000,2024-09-20T15:00:39,1726844439315,8.5,8
453,2024-09-20,SPX241220P04000000,2024-09-20T15:02:04,1726844524695,8.5,1
454,2024-09-20,SPX241220P04000000,2024-09-20T15:08:08,1726844888992,8.6,3
455,2024-09-20,SPX241220P04000000,2024-09-20T15:14:05,1726845245015,8.6,1
456,2024-09-20,SPX241220P04000000,2024-09-20T15:17:22,1726845442703,8.8,50
457,2024-09-20,SPX241220P04000000,2024-09-20T15:32:19,1726846339586,8.65,50
459,2024-09-20,SPX241220P04000000,2024-09-20T15:32:19,1726846339587,8.65,50
460,2024-09-20,SPX241220P04000000,2024-09-20T15:32:19,1726846339588,8.65,50
462,2024-09-20,SPX241220P04000000,2024-09-20T15:32:19,1726846339589,8.65,100
463,2024-09-20,SPX241220P04000000,2024-09-20T15:32:19,1726846339590,8.65,50
464,2024-09-20,SPX241220P04000000,2024-09-20T15:32:19,1726846339591,8.65,50
466,2024-09-20,SPX241220P04000000,2024-09-20T15:32:19,1726846339592,8.65,25
467,2024-09-20,SPX241220P04000000,2024-09-20T15:32:19,1726846339593,8.65,50
468,2024-09-20,SPX241220P04000000,2024-09-20T15:40:03,1726846803442,8.5,5
469,2024-09-20,SPX241220P04000000,2024-09-20T15:48:20,1726847300730,8.35,1
470,2024-09-20,SPX241220P04000000,2024-09-20T15:59:38,1726847978385,8.4,2
471,2024-09-20,SPX241220P04000000,2024-09-20T15:59:38,1726847978390,8.4,2
472,2024-09-20,SPX241220P04000000,2024-09-20T15:59:38,1726847978429,8.4,2
473,2024-09-20,SPX241220P04000000,2024-09-20T15:59:38,1726847978434,8.4,2
474,2024-09-20,SPX241220P04000000,2024-09-20T16:00:37,1726848037564,8.4,4
476,2024-09-20,SPX241220P04000000,2024-09-20T16:01:20,1726848080343,8.4,8
477,2024-09-20,SPX241220P04000000,2024-09-20T16:15:44,1726848944305,8.2,33
478,2024-09-20,SPX241220P04000000,2024-09-20T16:15:44,1726848944338,8.2,3
479,2024-09-20,SPX241220P04000000,2024-09-20T16:20:22,1726849222007,8.17,1
480,2024-09-20,SPX241220P04000000,2024-09-20T16:38:01,1726850281378,8.05,14
481,2024-09-20,SPX241220P04000000,2024-09-20T16:48:53,1726850933655,8,6
482,2024-09-20,SPX241220P04000000,2024-09-20T16:48:53,1726850933655,8,4
484,2024-09-20,SPX241220P04000000,2024-09-20T16:52:27,1726851147622,8,2
485,2024-09-20,SPX241220P04000000,2024-09-20T17:03:57,1726851837798,8,1
486,2024-09-20,SPX241220P04000000,2024-09-20T17:11:18,1726852278931,8,1
487,2024-09-20,SPX241220P04000000,2024-09-20T17:23:36,1726853016456,8,1
488,2024-09-20,SPX241220P04000000,2024-09-20T17:31:13,1726853473108,8,2
489,2024-09-20,SPX241220P04000000,2024-09-20T17:35:32,1726853732926,7.9,1
490,2024-09-20,SPX241220P04000000,2024-09-20T17:45:06,1726854306925,8,1
491,2024-09-20,SPX241220P04000000,2024-09-20T17:55:23,1726854923254,8.1,1
493,2024-09-20,SPX241220P04000000,2024-09-20T17:57:41,1726855061256,8.1,1
494,2024-09-20,SPX241220P04000000,2024-09-20T17:58:55,1726855135643,8.1,1
495,2024-09-20,SPX241220P04000000,2024-09-20T17:59:00,1726855140272,8.05,1
496,2024-09-20,SPX241220P04000000,2024-09-20T17:59:05,1726855145093,8.05,1
497,2024-09-20,SPX241220P04000000,2024-09-20T17:59:07,1726855147886,8.05,1
498,2024-09-20,SPX241220P04000000,2024-09-20T17:59:12,1726855152644,8.05,1
499,2024-09-20,SPX241220P04000000,2024-09-20T17:59:12,1726855152913,8.05,2
500,2024-09-20,SPX241220P04000000,2024-09-20T17:59:56,1726855196900,8.05,1
501,2024-09-20,SPX241220P04000000,2024-09-20T18:01:07,1726855267289,8.1,1
502,2024-09-20,SPX241220P04000000,2024-09-20T18:01:12,1726855272518,8.1,1
503,2024-09-20,SPX241220P04000000,2024-09-20T18:01:12,1726855272809,8.1,5
504,2024-09-20,SPX241220P04000000,2024-09-20T18:15:55,1726856155775,8.38,3
505,2024-09-20,SPX241220P04000000,2024-09-20T18:15:55,1726856155775,8.38,2
506,2024-09-20,SPX241220P04000000,2024-09-20T18:16:10,1726856170202,8.36,1
507,2024-09-20,SPX241220P04000000,2024-09-20T18:18:06,1726856286025,8.36,1
508,2024-09-20,SPX241220P04000000,2024-09-20T18:19:06,1726856346166,8.38,5
509,2024-09-20,SPX241220P04000000,2024-09-20T18:19:41,1726856381263,8.36,1
510,2024-09-20,SPX241220P04000000,2024-09-20T18:20:31,1726856431183,8.4,2
511,2024-09-20,SPX241220P04000000,2024-09-20T18:23:11,1726856591565,8.4,3
512,2024-09-20,SPX241220P04000000,2024-09-20T18:23:36,1726856616134,8.41,1
513,2024-09-20,SPX241220P04000000,2024-09-20T18:25:18,1726856718270,8.42,1
514,2024-09-20,SPX241220P04000000,2024-09-20T18:25:54,1726856754381,8.41,1
515,2024-09-20,SPX241220P04000000,2024-09-20T18:28:38,1726856918750,8.48,5
516,2024-09-20,SPX241220P04000000,2024-09-20T18:29:25,1726856965721,8.42,1
517,2024-09-20,SPX241220P04000000,2024-09-20T18:30:15,1726857015233,8.48,5
518,2024-09-20,SPX241220P04000000,2024-09-20T18:39:15,1726857555304,8.65,8
519,2024-09-20,SPX241220P04000000,2024-09-20T18:39:55,1726857595375,8.65,8
520,2024-09-20,SPX241220P04000000,2024-09-20T18:46:34,1726857994965,8.63,100
521,2024-09-20,SPX241220P04000000,2024-09-20T18:46:34,1726857994983,8.63,180
522,2024-09-20,SPX241220P04000000,2024-09-20T18:55:34,1726858534285,8.5,1
523,2024-09-20,SPX241220P04000000,2024-09-20T19:35:27,1726860927567,8,1
524,2024-09-20,SPX241220P04000000,2024-09-20T19:50:42,1726861842187,8.1,64
525,2024-09-20,SPX241220P04000000,2024-09-20T19:52:23,1726861943990,8.1,14
526,2024-09-20,SPX241220P04000000,2024-09-20T19:52:23,1726861943990,8.1,1
527,2024-09-20,SPX241220P04000000,2024-09-20T19:52:24,1726861944042,8.1,1
528,2024-09-20,SPX241220P04000000,2024-09-20T19:52:24,1726861944044,8.1,1
529,2024-09-20,SPX241220P04000000,2024-09-20T19:52:24,1726861944045,8.1,1
530,2024-09-20,SPX241220P04000000,2024-09-20T19:53:15,1726861995523,8.1,4
531,2024-09-20,SPX241220P04000000,2024-09-20T19:53:15,1726861995526,8.1,1
532,2024-09-20,SPX241220P04000000,2024-09-20T19:53:15,1726861995528,8.1,1
533,2024-09-20,SPX241220P04000000,2024-09-20T19:53:15,1726861995534,8.1,1
534,2024-09-20,SPX241220P04000000,2024-09-20T19:53:15,1726861995538,8.1,1
535,2024-09-20,SPX241220P04000000,2024-09-20T19:53:15,1726861995610,8.1,1
536,2024-09-20,SPX241220P04000000,2024-09-20T19:53:15,1726861995695,8.1,1
537,2024-09-20,SPX241220P04000000,2024-09-20T19:53:15,1726861995719,8.1,1
538,2024-09-20,SPX241220P04000000,2024-09-20T19:53:15,1726861995722,8.1,2
539,2024-09-20,SPX241220P04000000,2024-09-20T19:53:15,1726861995723,8.1,1
541,2024-09-20,SPX241220P04000000,2024-09-20T19:53:15,1726861995724,8.1,1
542,2024-09-20,SPX241220P04000000,2024-09-20T19:53:15,1726861995745,8.1,1
543,2024-09-20,SPX241220P04000000,2024-09-20T19:53:16,1726861996672,8.1,1
544,2024-09-20,SPX241220P04000000,2024-09-20T19:53:16,1726861996674,8.1,1
545,2024-09-20,SPX241220P04000000,2024-09-20T19:53:16,1726861996680,8.1,3
546,2024-09-20,SPX241220P04000000,2024-09-20T19:53:16,1726861996680,8.1,1
547,2024-09-20,SPX241220P04000000,2024-09-20T19:53:16,1726861996682,8.1,1
548,2024-09-20,SPX241220P04000000,2024-09-20T19:53:16,1726861996716,8.1,1
549,2024-09-20,SPX241220P04000000,2024-09-20T19:53:16,1726861996717,8.1,1
550,2024-09-20,SPX241220P04000000,2024-09-20T19:53:16,1726861996720,8.1,1
551,2024-09-20,SPX241220P04000000,2024-09-20T19:54:06,1726862046204,8.1,29
552,2024-09-20,SPX241220P04000000,2024-09-20T19:54:32,1726862072025,8.1,1
553,2024-09-20,SPX241220P04000000,2024-09-20T19:54:41,1726862081115,8.1,1
555,2024-09-20,SPX241220P04000000,2024-09-20T19:54:41,1726862081120,8.1,1
556,2024-09-20,SPX241220P04000000,2024-09-20T19:54:50,1726862090076,8.1,72
557,2024-09-20,SPX241220P04000000,2024-09-20T19:55:56,1726862156098,8.1,42
558,2024-09-20,SPX241220P04000000,2024-09-20T19:55:59,1726862159103,8.1,1
559,2024-09-20,SPX241220P04000000,2024-09-20T19:56:24,1726862184029,8.2,31
560,2024-09-20,SPX241220P04000000,2024-09-20T19:56:24,1726862184029,8.2,16
561,2024-09-20,SPX241220P04000000,2024-09-20T19:56:24,1726862184029,8.2,12
562,2024-09-20,SPX241220P04000000,2024-09-20T19:56:24,1726862184029,8.2,8
564,2024-09-20,SPX241220P04000000,2024-09-20T19:56:28,1726862188558,8.2,29
565,2024-09-20,SPX241220P04000000,2024-09-20T19:56:28,1726862188558,8.2,24
566,2024-09-20,SPX241220P04000000,2024-09-20T19:56:28,1726862188558,8.2,14
567,2024-09-20,SPX241220P04000000,2024-09-20T19:56:28,1726862188558,8.2,8
568,2024-09-20,SPX241220P04000000,2024-09-20T19:56:33,1726862193902,8.2,24
569,2024-09-20,SPX241220P04000000,2024-09-20T19:56:33,1726862193914,8.2,47
570,2024-09-20,SPX241220P04000000,2024-09-20T19:56:39,1726862199269,8.2,46
571,2024-09-20,SPX241220P04000000,2024-09-20T19:56:43,1726862203976,8.2,75
572,2024-09-20,SPX241220P04000000,2024-09-20T19:56:49,1726862209233,8.2,12
573,2024-09-20,SPX241220P04000000,2024-09-20T19:56:59,1726862219101,8.2,35
574,2024-09-20,SPX241220P04000000,2024-09-20T19:57:03,1726862223622,8.2,8
575,2024-09-20,SPX241220P04000000,2024-09-20T19:57:03,1726862223622,8.2,60
576,2024-09-20,SPX241220P04000000,2024-09-20T19:57:03,1726862223622,8.2,6
577,2024-09-20,SPX241220P04000000,2024-09-20T19:57:03,1726862223623,8.2,1
578,2024-09-20,SPX241220P04000000,2024-09-20T19:57:08,1726862228133,8.2,7
579,2024-09-20,SPX241220P04000000,2024-09-20T19:57:08,1726862228133,8.2,9
580,2024-09-20,SPX241220P04000000,2024-09-20T19:57:11,1726862231704,8.2,9
581,2024-09-20,SPX241220P04000000,2024-09-20T19:57:12,1726862232799,8.2,34
582,2024-09-20,SPX261218P05600000,2024-09-20T15:41:18,1726846878962,386.76,1
584,2024-09-20,SPX261218P05600000,2024-09-20T19:42:39,1726861359889,384.27,1
585,2024-09-20,SPX251219P03600000,2024-09-20T19:49:25,1726861765088,40.24,41
586,2024-09-20,SPX251219P03600000,2024-09-20T19:49:25,1726861765088,40.24,42
588,2024-09-20,SPX251219C05500000,2024-09-20T15:14:18,1726845258202,646.48,1
589,2024-09-20,SPX251219C05500000,2024-09-20T19:55:06,1726862106034,663.26,1
590,2024-09-20,SPX251219P05200000,2024-09-20T17:08:13,1726852093963,191.3,1
591,2024-09-20,SPX241220C04400000,2024-09-20T19:57:26,1726862246116,1362,450
592,2024-09-20,SPX241220C05200000,2024-09-20T13:56:24,1726840584115,599.34,2
593,2024-09-20,SPX241220C05200000,2024-09-20T13:56:24,1726840584269,599.34,1
594,2024-09-20,SPX241220C05200000,2024-09-20T13:56:24,1726840584476,599.34,3
595,2024-09-20,SPX241220C05200000,2024-09-20T13:56:26,1726840586127,599.42,3
596,2024-09-20,SPX241220C05200000,2024-09-20T13:56:26,1726840586173,599.45,1
597,2024-09-20,SPX241220C05200000,2024-09-20T14:36:55,1726843015987,595.52,2
598,2024-09-20,SPX241220C05200000,2024-09-20T15:18:55,1726845535825,582.29,2
599,2024-09-20,SPX241220C05200000,2024-09-20T16:37:00,1726850220817,599.78,1
600,2024-09-20,SPX241220P04100000,2024-09-20T14:19:10,1726841950249,9.7,5
601,2024-09-20,SPX241220P04100000,2024-09-20T14:19:23,1726841963764,9.7,5
602,2024-09-20,SPX241220P04100000,2024-09-20T14:19:38,1726841978138,9.7,5
603,2024-09-20,SPX241220P04100000,2024-09-20T14:27:16,1726842436071,9.5,31
604,2024-09-20,SPX241220P04100000,2024-09-20T18:55:44,1726858544633,9.5,1
605,2024-09-20,SPX251219C05600000,2024-09-20T13:49:05,1726840145319,590.5,2
606,2024-09-20,SPX251219P04500000,2024-09-20T13:56:33,1726840593104,96,1
607,2024-09-20,SPX251219P04500000,2024-09-20T15:55:49,1726847749394,97.42,50
608,2024-09-20,SPX251219P04500000,2024-09-20T15:55:49,1726847749394,97.42,40
609,2024-09-20,SPX251219P04500000,2024-09-20T15:55:49,1726847749394,97.42,60
610,2024-09-20,SPX251219P05300000,2024-09-20T14:59:25,1726844365574,214.29,80
611,2024-09-20,SPX241220C04500000,2024-09-20T14:58:28,1726844308723,1247.03,1
612,2024-09-20,SPX241220C04500000,2024-09-20T17:05:39,1726851939019,1261.76,1
613,2024-09-20,SPX241220C04500000,2024-09-20T18:15:25,1726856125508,1251.7,3
614,2024-09-20,SPX241220C04500000,2024-09-20T18:15:25,1726856125508,1251.68,2
615,2024-09-20,SPX241220C04500000,2024-09-20T18:18:49,1726856329409,1252.34,3
616,2024-09-20,SPX241220C04500000,2024-09-20T18:18:49,1726856329409,1252.34,2
617,2024-09-20,SPX241220C04500000,2024-09-20T18:27:50,1726856870407,1249.01,3
618,2024-09-20,SPX241220C04500000,2024-09-20T18:27:50,1726856870407,1249.01,2
619,2024-09-20,SPX241220C04500000,2024-09-20T18:29:36,1726856976166,1248.34,3
620,2024-09-20,SPX241220C04500000,2024-09-20T18:29:36,1726856976166,1248.34,2
621,2024-09-20,SPX241220P03400000,2024-09-20T14:29:05,1726842545482,4.2,3
624,2024-09-20,SPX241220P03400000,2024-09-20T15:02:58,1726844578956,4.32,100
625,2024-09-20,SPX241220P03400000,2024-09-20T18:19:06,1726856346166,4.21,88
626,2024-09-20,SPX241220P03400000,2024-09-20T18:19:06,1726856346267,4.21,1
627,2024-09-20,SPX241220P03400000,2024-09-20T18:19:18,1726856358284,4.21,11
628,2024-09-20,SPX241220P03400000,2024-09-20T18:19:42,1726856382392,4.21,82
629,2024-09-20,SPX241220P03400000,2024-09-20T18:19:45,1726856385306,4.21,18
630,2024-09-20,SPX241220P03400000,2024-09-20T18:23:36,1726856616674,4.25,17
631,2024-09-20,SPX241220P03400000,2024-09-20T18:23:36,1726856616674,4.25,16
632,2024-09-20,SPX241220P03400000,2024-09-20T19:59:11,1726862351228,4.1,1
633,2024-09-20,SPX241220C05300000,2024-09-20T14:23:28,1726842208747,507.8,1
634,2024-09-20,SPX241220C05300000,2024-09-20T15:18:55,1726845535825,494.31,1
635,2024-09-20,SPX241220C05300000,2024-09-20T15:20:55,1726845655573,496.4,1
636,2024-09-20,SPX241220C05300000,2024-09-20T15:21:44,1726845704930,493.8,8
637,2024-09-20,SPX241220C05300000,2024-09-20T15:21:44,1726845704930,493.8,2
638,2024-09-20,SPX241220C05300000,2024-09-20T16:22:37,1726849357552,507.6,1
639,2024-09-20,SPX241220C05300000,2024-09-20T17:42:20,1726854140089,517,1
640,2024-09-20,SPX241220C05300000,2024-09-20T18:49:46,1726858186139,502.6,2
641,2024-09-20,SPX241220P04200000,2024-09-20T14:00:23,1726840823353,11.06,1
643,2024-09-20,SPX241220P04200000,2024-09-20T14:57:51,1726844271856,10.6,2
644,2024-09-20,SPX241220P04200000,2024-09-20T15:35:51,1726846551358,10.6,2
645,2024-09-20,SPX241220P04200000,2024-09-20T16:22:54,1726849374184,10.3,3
646,2024-09-20,SPX241220P04200000,2024-09-20T16:37:25,1726850245203,10.1,1
649,2024-09-20,SPX241220P05000000,2024-09-20T13:43:12,1726839792578,32.2,29
650,2024-09-20,SPX241220P05000000,2024-09-20T13:43:12,1726839792591,32.2,7
651,2024-09-20,SPX241220P05000000,2024-09-20T13:52:41,1726840361541,32.85,3
652,2024-09-20,SPX241220P05000000,2024-09-20T13:52:41,1726840361541,32.85,1
653,2024-09-20,SPX241220P05000000,2024-09-20T13:53:20,1726840400028,33.05,1
654,2024-09-20,SPX241220P05000000,2024-09-20T13:58:24,1726840704057,33.39,20
655,2024-09-20,SPX241220P05000000,2024-09-20T14:00:43,1726840843206,33.95,1
656,2024-09-20,SPX241220P05000000,2024-09-20T14:06:55,1726841215322,33.44,1
658,2024-09-20,SPX241220P05000000,2024-09-20T14:07:48,1726841268706,33.55,1
659,2024-09-20,SPX241220P05000000,2024-09-20T14:16:52,1726841812055,33.74,4
660,2024-09-20,SPX241220P05000000,2024-09-20T14:17:59,1726841879017,33.45,4
661,2024-09-20,SPX241220P05000000,2024-09-20T14:19:59,1726841999204,33.1,20
662,2024-09-20,SPX241220P05000000,2024-09-20T14:20:26,1726842026823,33.02,10
663,2024-09-20,SPX241220P05000000,2024-09-20T14:24:58,1726842298703,32.84,10
664,2024-09-20,SPX241220P05000000,2024-09-20T14:24:58,1726842298703,32.85,1
666,2024-09-20,SPX241220P05000000,2024-09-20T14:25:55,1726842355432,32.8,1
667,2024-09-20,SPX241220P05000000,2024-09-20T14:27:21,1726842441330,32.85,1
668,2024-09-20,SPX241220P05000000,2024-09-20T14:28:50,1726842530592,32.75,2
669,2024-09-20,SPX241220P05000000,2024-09-20T14:29:18,1726842558203,32.76,2
670,2024-09-20,SPX241220P05000000,2024-09-20T14:29:18,1726842558203,32.76,3
671,2024-09-20,SPX241220P05000000,2024-09-20T14:30:11,1726842611026,32.69,50
672,2024-09-20,SPX241220P05000000,2024-09-20T14:30:11,1726842611027,32.69,200
673,2024-09-20,SPX241220P05000000,2024-09-20T14:30:11,1726842611027,32.69,250
674,2024-09-20,SPX241220P05000000,2024-09-20T14:31:24,1726842684352,32.95,2
675,2024-09-20,SPX241220P05000000,2024-09-20T14:31:35,1726842695514,32.95,1
676,2024-09-20,SPX241220P05000000,2024-09-20T14:35:42,1726842942748,32.75,2
677,2024-09-20,SPX241220P05000000,2024-09-20T14:38:49,1726843129181,32.35,7
678,2024-09-20,SPX241220P05000000,2024-09-20T14:39:12,1726843152291,32.35,10
679,2024-09-20,SPX241220P05000000,2024-09-20T14:39:33,1726843173515,32.37,3
680,2024-09-20,SPX241220P05000000,2024-09-20T14:40:36,1726843236403,32.4,8
681,2024-09-20,SPX241220P05000000,2024-09-20T14:45:44,1726843544717,32.5,10
682,2024-09-20,SPX241220P05000000,2024-09-20T14:45:49,1726843549333,32.4,11
683,2024-09-20,SPX241220P05000000,2024-09-20T14:45:49,1726843549333,32.4,1
684,2024-09-20,SPX241220P05000000,2024-09-20T14:53:13,1726843993387,32.9,2
685,2024-09-20,SPX241220P05000000,2024-09-20T15:06:30,1726844790724,33.5,100
686,2024-09-20,SPX241220P05000000,2024-09-20T15:06:30,1726844790724,33.5,2450
687,2024-09-20,SPX241220P05000000,2024-09-20T15:06:30,1726844790725,33.5,100
689,2024-09-20,SPX241220P05000000,2024-09-20T15:06:30,1726844790726,33.5,250
690,2024-09-20,SPX241220P05000000,2024-09-20T15:06:30,1726844790726,33.5,100
691,2024-09-20,SPX241220P05000000,2024-09-20T15:14:05,1726845245015,33.8,1
692,2024-09-20,SPX241220P05000000,2024-09-20T15:17:05,1726845425685,34.5,8
693,2024-09-20,SPX241220P05000000,2024-09-20T15:17:17,1726845437012,33.4,80
694,2024-09-20,SPX241220P05000000,2024-09-20T15:17:17,1726845437013,33.4,700
695,2024-09-20,SPX241220P05000000,2024-09-20T15:17:17,1726845437013,33.4,30
697,2024-09-20,SPX241220P05000000,2024-09-20T15:17:17,1726845437014,33.4,30
699,2024-09-20,SPX241220P05000000,2024-09-20T15:27:22,1726846042560,33.65,41
700,2024-09-20,SPX241220P05000000,2024-09-20T15:40:03,1726846803442,33.15,5
701,2024-09-20,SPX241220P05000000,2024-09-20T15:48:20,1726847300730,32.55,1
702,2024-09-20,SPX241220P05000000,2024-09-20T15:50:38,1726847438190,32.53,18
703,2024-09-20,SPX241220P05000000,2024-09-20T16:03:40,1726848220573,32.65,1
704,2024-09-20,SPX241220P05000000,2024-09-20T16:12:36,1726848756528,32.52,1
705,2024-09-20,SPX241220P05000000,2024-09-20T16:37:00,1726850220817,31.8,1
706,2024-09-20,SPX241220P05000000,2024-09-20T16:38:01,1726850281378,31.69,14
707,2024-09-20,SPX241220P05000000,2024-09-20T16:48:53,1726850933655,31.35,6
708,2024-09-20,SPX241220P05000000,2024-09-20T16:48:53,1726850933655,31.35,4
710,2024-09-20,SPX241220P05000000,2024-09-20T16:50:01,1726851001198,31.34,1
711,2024-09-20,SPX241220P05000000,2024-09-20T16:50:01,1726851001296,31.34,19
712,2024-09-20,SPX241220P05000000,2024-09-20T16:50:09,1726851009882,31.3,60
714,2024-09-20,SPX241220P05000000,2024-09-20T16:59:38,1726851578463,31.44,1
715,2024-09-20,SPX241220P05000000,2024-09-20T17:03:57,1726851837798,31.35,1
716,2024-09-20,SPX241220P05000000,2024-09-20T17:11:18,1726852278931,31.5,1
717,2024-09-20,SPX241220P05000000,2024-09-20T17:31:13,1726853473108,31.25,2
718,2024-09-20,SPX241220P05000000,2024-09-20T17:36:12,1726853772442,31.1,105
719,2024-09-20,SPX241220P05000000,2024-09-20T17:55:23,1726854923254,31.75,1
721,2024-09-20,SPX241220P05000000,2024-09-20T17:57:41,1726855061256,31.85,1
722,2024-09-20,SPX241220P05000000,2024-09-20T17:58:55,1726855135643,31.75,1
723,2024-09-20,SPX241220P05000000,2024-09-20T17:59:00,1726855140272,31.75,1
724,2024-09-20,SPX241220P05000000,2024-09-20T17:59:05,1726855145093,31.75,1
725,2024-09-20,SPX241220P05000000,2024-09-20T17:59:07,1726855147886,31.7,1
726,2024-09-20,SPX241220P05000000,2024-09-20T17:59:12,1726855152644,31.75,1
727,2024-09-20,SPX241220P05000000,2024-09-20T17:59:12,1726855152913,31.75,2
728,2024-09-20,SPX241220P05000000,2024-09-20T17:59:56,1726855196900,31.75,1
729,2024-09-20,SPX241220P05000000,2024-09-20T18:01:07,1726855267289,31.85,1
730,2024-09-20,SPX241220P05000000,2024-09-20T18:01:12,1726855272518,31.95,1
731,2024-09-20,SPX241220P05000000,2024-09-20T18:01:12,1726855272809,31.95,5
732,2024-09-20,SPX241220P05000000,2024-09-20T18:04:13,1726855453384,32.7,2
733,2024-09-20,SPX241220P05000000,2024-09-20T18:04:13,1726855453385,32.7,2
734,2024-09-20,SPX241220P05000000,2024-09-20T18:04:13,1726855453387,32.7,2
735,2024-09-20,SPX241220P05000000,2024-09-20T18:04:13,1726855453432,32.7,4
736,2024-09-20,SPX241220P05000000,2024-09-20T18:20:31,1726856431183,33.24,2
737,2024-09-20,SPX241220P05000000,2024-09-20T18:21:29,1726856489542,33.25,1
738,2024-09-20,SPX241220P05000000,2024-09-20T18:23:11,1726856591565,33.15,3
739,2024-09-20,SPX241220P05000000,2024-09-20T18:24:59,1726856699861,33.3,1
740,2024-09-20,SPX241220P05000000,2024-09-20T18:32:36,1726857156783,33.55,1
741,2024-09-20,SPX241220P05000000,2024-09-20T19:02:29,1726858949209,32.45,1
742,2024-09-20,SPX241220P05000000,2024-09-20T19:12:17,1726859537136,32.51,1
743,2024-09-20,SPX241220P05000000,2024-09-20T19:14:05,1726859645215,32.65,1
744,2024-09-20,SPX241220P05000000,2024-09-20T19:15:56,1726859756491,32.39,1
745,2024-09-20,SPX241220P05000000,2024-09-20T19:17:53,1726859873599,32.24,1
746,2024-09-20,SPX241220P05000000,2024-09-20T19:18:38,1726859918710,32.06,4
747,2024-09-20,SPX241220P05000000,2024-09-20T19:20:06,1726860006296,32.05,1
748,2024-09-20,SPX241220P05000000,2024-09-20T19:21:39,1726860099063,31.54,1
749,2024-09-20,SPX241220P05000000,2024-09-20T19:23:18,1726860198204,31.87,1
750,2024-09-20,SPX241220P05000000,2024-09-20T19:25:10,1726860310496,31.77,1
751,2024-09-20,SPX241220P05000000,2024-09-20T19:26:59,1726860419599,31.77,1
752,2024-09-20,SPX241220P05000000,2024-09-20T19:30:00,1726860600299,31.35,1
753,2024-09-20,SPX241220P05000000,2024-09-20T19:31:30,1726860690065,31.47,2
755,2024-09-20,SPX241220P05000000,2024-09-20T19:31:30,1726860690065,31.47,1
756,2024-09-20,SPX241220P05000000,2024-09-20T19:35:27,1726860927567,31.45,1
757,2024-09-20,SPX241220P05000000,2024-09-20T19:47:10,1726861630711,31.15,1
758,2024-09-20,SPX241220P05000000,2024-09-20T19:47:54,1726861674809,31.45,1
759,2024-09-20,SPX241220P05000000,2024-09-20T19:48:38,1726861718891,31.35,1
760,2024-09-20,SPX241220P05000000,2024-09-20T19:49:22,1726861762989,31.45,1
761,2024-09-20,SPX241220P05000000,2024-09-20T19:50:11,1726861811243,31.7,1
762,2024-09-20,SPX241220P05000000,2024-09-20T19:50:56,1726861856357,31.7,1
763,2024-09-20,SPX241220P05000000,2024-09-20T19:51:41,1726861901455,31.45,1
764,2024-09-20,SPX241220P05000000,2024-09-20T19:52:26,1726861946537,31.55,1
765,2024-09-20,SPX241220P05000000,2024-09-20T19:53:12,1726861992666,31.7,1
766,2024-09-20,SPX241220P05000000,2024-09-20T19:53:58,1726862038764,31.45,1
767,2024-09-20,SPX241220P05000000,2024-09-20T19:54:45,1726862085863,31.46,1
768,2024-09-20,SPX241220P05000000,2024-09-20T19:55:32,1726862132945,31.7,1
769,2024-09-20,SPX241220P05000000,2024-09-20T19:56:18,1726862178168,31.73,4
770,2024-09-20,SPX241220P05000000,2024-09-20T19:57:26,1726862246047,31.5,1000
771,2024-09-20,SPX261218P05800000,2024-09-20T14:16:22,1726841782491,447.58,1
772,2024-09-20,SPX261218P05800000,2024-09-20T14:16:48,1726841808360,447.29,1
773,2024-09-20,SPX251219C05700000,2024-09-20T13:45:13,1726839913622,523.04,1
774,2024-09-20,SPX251219C05700000,2024-09-20T13:56:27,1726840587789,523.47,1
775,2024-09-20,SPX251219C05700000,2024-09-20T15:48:29,1726847309464,518.03,35
776,2024-09-20,SPX251219C05700000,2024-09-20T15:48:29,1726847309464,518.18,1
777,2024-09-20,SPX251219C05700000,2024-09-20T16:48:39,1726850919854,515.7,22
778,2024-09-20,SPX251219C05700000,2024-09-20T16:48:39,1726850919854,515.7,23
779,2024-09-20,SPX251219C05700000,2024-09-20T16:48:39,1726850919854,515.7,30
780,2024-09-20,SPX251219C05700000,2024-09-20T19:29:22,1726860562610,524.46,50
781,2024-09-20,SPX251219C05700000,2024-09-20T19:29:22,1726860562611,524.46,50
784,2024-09-20,SPX251219C05700000,2024-09-20T19:29:22,1726860562612,524.46,75
786,2024-09-20,SPX251219C05700000,2024-09-20T19:29:22,1726860562679,524.46,150
787,2024-09-20,SPX251219P05400000,2024-09-20T14:19:58,1726841998611,233.63,10
788,2024-09-20,SPX251219P05400000,2024-09-20T14:20:01,1726842001358,233.81,1
789,2024-09-20,SPX251219P05400000,2024-09-20T16:12:24,1726848744164,233.96,250
790,2024-09-20,SPX251219P05400000,2024-09-20T16:12:24,1726848744210,233.96,50
791,2024-09-20,SPX241220C04600000,2024-09-20T13:44:00,1726839840561,1166.93,1
792,2024-09-20,SPX241220C04600000,2024-09-20T13:57:10,1726840630017,1161.21,1
793,2024-09-20,SPX241220P03500000,2024-09-20T13:59:14,1726840754927,4.8,20
794,2024-09-20,SPX241220P03500000,2024-09-20T14:45:38,1726843538767,4.8,4
795,2024-09-20,SPX241220P03500000,2024-09-20T14:45:38,1726843538767,4.8,6
796,2024-09-20,SPX241220P03500000,2024-09-20T19:03:55,1726859035747,4.7,1
797,2024-09-20,SPX241220P03500000,2024-09-20T19:20:15,1726860015938,4.7,1
798,2024-09-20,SPX241220P04300000,2024-09-20T14:25:33,1726842333210,12.2,6
800,2024-09-20,SPX241220P04300000,2024-09-20T14:25:33,1726842333211,12.2,6
801,2024-09-20,SPX241220P04300000,2024-09-20T14:25:33,1726842333211,12.2,7
802,2024-09-20,SPX241220P04300000,2024-09-20T14:25:33,1726842333213,12.2,20
803,2024-09-20,SPX241220P04300000,2024-09-20T14:25:33,1726842333213,12.2,7
804,2024-09-20,SPX241220P04300000,2024-09-20T14:25:33,1726842333214,12.2,7
805,2024-09-20,SPX241220P04300000,2024-09-20T14:25:33,1726842333298,12.2,39
806,2024-09-20,SPX241220P04300000,2024-09-20T14:55:16,1726844116734,12,1
807,2024-09-20,SPX241220P04300000,2024-09-20T15:32:19,1726846339586,12.2,50
809,2024-09-20,SPX241220P04300000,2024-09-20T15:32:19,1726846339587,12.2,50
810,2024-09-20,SPX241220P04300000,2024-09-20T15:32:19,1726846339588,12.2,50
812,2024-09-20,SPX241220P04300000,2024-09-20T15:32:19,1726846339589,12.2,100
813,2024-09-20,SPX241220P04300000,2024-09-20T15:32:19,1726846339590,12.2,50
814,2024-09-20,SPX241220P04300000,2024-09-20T15:32:19,1726846339591,12.2,50
816,2024-09-20,SPX241220P04300000,2024-09-20T15:32:19,1726846339592,12.2,25
817,2024-09-20,SPX241220P04300000,2024-09-20T15:32:19,1726846339593,12.2,50
818,2024-09-20,SPX241220P04300000,2024-09-20T19:01:05,1726858865790,11.9,1
819,2024-09-20,SPX241220P05100000,2024-09-20T13:43:35,1726839815789,38.5,1
820,2024-09-20,SPX241220P05100000,2024-09-20T13:43:38,1726839818579,38.5,5
821,2024-09-20,SPX241220P05100000,2024-09-20T13:45:49,1726839949011,39.05,8
822,2024-09-20,SPX241220P05100000,2024-09-20T13:58:09,1726840689158,39.8,6
823,2024-09-20,SPX241220P05100000,2024-09-20T14:32:18,1726842738666,39.25,37
824,2024-09-20,SPX241220P05100000,2024-09-20T14:32:18,1726842738667,39.25,38
826,2024-09-20,SPX241220P05100000,2024-09-20T14:32:18,1726842738668,39.25,37
827,2024-09-20,SPX241220P05100000,2024-09-20T14:32:18,1726842738726,39.25,50
828,2024-09-20,SPX241220P05100000,2024-09-20T14:32:18,1726842738805,39.25,50
829,2024-09-20,SPX241220P05100000,2024-09-20T16:29:17,1726849757141,38.14,2
830,2024-09-20,SPX241220P05100000,2024-09-20T18:23:05,1726856585861,39.9,1
831,2024-09-20,SPX241220P05100000,2024-09-20T18:27:59,1726856879386,39.82,8
834,2024-09-20,SPX241220P05100000,2024-09-20T18:27:59,1726856879386,39.82,15
837,2024-09-20,SPX241220P05100000,2024-09-20T18:27:59,1726856879386,39.82,7
840,2024-09-20,SPX241220P05100000,2024-09-20T18:46:34,1726857994965,40.32,25
841,2024-09-20,SPX241220P05100000,2024-09-20T18:46:34,1726857994965,40.32,45
842,2024-09-20,SPX251219C05800000,2024-09-20T13:38:26,1726839506480,461.7,1
843,2024-09-20,SPX251219C05800000,2024-09-20T13:49:08,1726840148485,458.7,3
844,2024-09-20,SPX251219P04700000,2024-09-20T13:48:57,1726840137154,116.62,2
845,2024-09-20,SPX251219P04700000,2024-09-20T16:44:00,1726850640122,116.4,1
846,2024-09-20,SPX251219P04700000,2024-09-20T17:46:13,1726854373794,116.17,1
847,2024-09-20,SPX251219P05500000,2024-09-20T15:14:18,1726845258202,260.92,1
848,2024-09-20,SPX251219P05500000,2024-09-20T19:55:06,1726862106034,256.13,1
849,2024-09-20,SPX241220C04700000,2024-09-20T13:44:59,1726839899418,1068.16,1
850,2024-09-20,SPX241220C04700000,2024-09-20T13:45:34,1726839934815,1065.43,1
851,2024-09-20,SPX241220C04700000,2024-09-20T13:46:28,1726839988909,1066.23,1
852,2024-09-20,SPX241220C04700000,2024-09-20T13:49:58,1726840198124,1065.4,1
853,2024-09-20,SPX241220C04700000,2024-09-20T13:50:12,1726840212553,1067.47,1
854,2024-09-20,SPX241220C04700000,2024-09-20T13:50:23,1726840223697,1067.52,1
855,2024-09-20,SPX241220C04700000,2024-09-20T13:51:07,1726840267786,1069.87,1
856,2024-09-20,SPX241220C04700000,2024-09-20T13:51:36,1726840296560,1068.6,3
857,2024-09-20,SPX241220C04700000,2024-09-20T13:51:45,1726840305740,1068.31,1
858,2024-09-20,SPX241220P03600000,2024-09-20T15:18:13,1726845493789,5.6,1
860,2024-09-20,SPX241220P03600000,2024-09-20T18:59:37,1726858777509,5.3,1
861,2024-09-20,SPX241220C05500000,2024-09-20T13:30:02,1726839002407,345,1
862,2024-09-20,SPX241220C05500000,2024-09-20T13:51:55,1726840315302,344.49,1
863,2024-09-20,SPX241220C05500000,2024-09-20T15:02:04,1726844524695,330.51,1
864,2024-09-20,SPX241220C05500000,2024-09-20T15:06:48,1726844808843,332,7
865,2024-09-20,SPX241220P04400000,2024-09-20T13:49:37,1726840177449,13.7,4
866,2024-09-20,SPX241220P04400000,2024-09-20T18:59:19,1726858759878,13.5,1
867,2024-09-20,SPX241220P04400000,2024-09-20T19:16:44,1726859804307,13.3,1
868,2024-09-20,SPX241220P04400000,2024-09-20T19:57:26,1726862246047,13,450
869,2024-09-20,SPX241220P05200000,2024-09-20T13:36:33,1726839393062,46.2,4
870,2024-09-20,SPX241220P05200000,2024-09-20T13:36:33,1726839393062,46.2,5
871,2024-09-20,SPX241220P05200000,2024-09-20T13:39:12,1726839552826,46.1,4
872,2024-09-20,SPX241220P05200000,2024-09-20T13:39:12,1726839552826,46.1,1
874,2024-09-20,SPX241220P05200000,2024-09-20T13:39:12,1726839552826,46.1,2
877,2024-09-20,SPX241220P05200000,2024-09-20T13:45:07,1726839907407,46.66,58
878,2024-09-20,SPX241220P05200000,2024-09-20T13:45:07,1726839907431,46.66,2
879,2024-09-20,SPX241220P05200000,2024-09-20T13:45:07,1726839907437,46.66,3
880,2024-09-20,SPX241220P05200000,2024-09-20T13:45:07,1726839907494,46.81,5
881,2024-09-20,SPX241220P05200000,2024-09-20T13:45:07,1726839907610,46.84,6
882,2024-09-20,SPX241220P05200000,2024-09-20T13:45:07,1726839907619,46.84,9
883,2024-09-20,SPX241220P05200000,2024-09-20T13:45:08,1726839908120,46.84,10
884,2024-09-20,SPX241220P05200000,2024-09-20T13:45:08,1726839908122,46.84,1
885,2024-09-20,SPX241220P05200000,2024-09-20T13:45:08,1726839908743,46.84,6
886,2024-09-20,SPX241220P05200000,2024-09-20T13:47:49,1726840069779,47,20
887,2024-09-20,SPX241220P05200000,2024-09-20T13:51:37,1726840297117,46.4,105
888,2024-09-20,SPX241220P05200000,2024-09-20T13:51:37,1726840297118,46.4,105
890,2024-09-20,SPX241220P05200000,2024-09-20T13:51:37,1726840297119,46.4,105
892,2024-09-20,SPX241220P05200000,2024-09-20T13:51:37,1726840297178,46.4,75
893,2024-09-20,SPX241220P05200000,2024-09-20T13:51:37,1726840297240,46.4,150
894,2024-09-20,SPX241220P05200000,2024-09-20T14:03:45,1726841025072,48.2,4
895,2024-09-20,SPX241220P05200000,2024-09-20T14:03:45,1726841025074,48.2,1
896,2024-09-20,SPX241220P05200000,2024-09-20T14:08:25,1726841305083,48.25,100
897,2024-09-20,SPX241220P05200000,2024-09-20T14:08:25,1726841305083,48.25,50
898,2024-09-20,SPX241220P05200000,2024-09-20T14:10:53,1726841453331,48.5,5
899,2024-09-20,SPX241220P05200000,2024-09-20T14:13:13,1726841593429,49,2
900,2024-09-20,SPX241220P05200000,2024-09-20T14:19:11,1726841951283,47.8,4
901,2024-09-20,SPX241220P05200000,2024-09-20T14:19:25,1726841965693,47.8,5
902,2024-09-20,SPX241220P05200000,2024-09-20T14:19:39,1726841979499,47.9,6
903,2024-09-20,SPX241220P05200000,2024-09-20T14:29:00,1726842540416,46.81,7
905,2024-09-20,SPX241220P05200000,2024-09-20T14:29:00,1726842540417,46.81,24
906,2024-09-20,SPX241220P05200000,2024-09-20T14:29:00,1726842540417,46.81,7
908,2024-09-20,SPX241220P05200000,2024-09-20T14:29:00,1726842540418,46.81,7
909,2024-09-20,SPX241220P05200000,2024-09-20T14:30:11,1726842611026,47.13,50
910,2024-09-20,SPX241220P05200000,2024-09-20T14:30:11,1726842611027,47.13,200
911,2024-09-20,SPX241220P05200000,2024-09-20T14:30:11,1726842611027,47.13,250
912,2024-09-20,SPX241220P05200000,2024-09-20T14:32:53,1726842773225,47.58,10
914,2024-09-20,SPX241220P05200000,2024-09-20T14:36:55,1726843015987,47.35,2
915,2024-09-20,SPX241220P05200000,2024-09-20T14:46:21,1726843581687,46.9,4
917,2024-09-20,SPX241220P05200000,2024-09-20T14:46:21,1726843581687,46.9,2
918,2024-09-20,SPX241220P05200000,2024-09-20T16:37:00,1726850220817,46.05,1
919,2024-09-20,SPX241220P05200000,2024-09-20T18:11:54,1726855914942,48.6,16
920,2024-09-20,SPX241220P05200000,2024-09-20T18:11:54,1726855914942,48.6,9
921,2024-09-20,SPX241220P05200000,2024-09-20T18:12:50,1726855970001,48.1,13
922,2024-09-20,SPX241220P05200000,2024-09-20T18:12:50,1726855970001,48.1,7
923,2024-09-20,SPX241220P05200000,2024-09-20T18:12:50,1726855970003,48.1,5
924,2024-09-20,SPX241220P05200000,2024-09-20T19:40:06,1726861206460,44.92,2
925,2024-09-20,SPX251219C05900000,2024-09-20T16:25:16,1726849516568,396.22,10
926,2024-09-20,SPX251219C05900000,2024-09-20T16:40:32,1726850432202,397.08,10
927,2024-09-20,SPX251219C05900000,2024-09-20T17:11:56,1726852316469,397.15,10
928,2024-09-20,SPX251219C05900000,2024-09-20T17:43:02,1726854182674,399.82,10
929,2024-09-20,SPX261218C04100000,2024-09-20T13:32:58,1726839178795,1895.25,1
930,2024-09-20,SPX251219P04800000,2024-09-20T19:50:43,1726861843756,129.6,1
931,2024-09-20,SPX251219P05600000,2024-09-20T14:59:25,1726844365574,284.69,40
932,2024-09-20,SPX241220C04800000,2024-09-20T14:10:51,1726841451735,963.32,1
933,2024-09-20,SPX241220C04800000,2024-09-20T19:16:44,1726859804307,967.75,1
934,2024-09-20,SPX241220C04800000,2024-09-20T19:43:16,1726861396334,983.53,1
935,2024-09-20,SPX241220C04800000,2024-09-20T19:57:26,1726862246116,979.3,300
936,2024-09-20,SPX241220P03700000,2024-09-20T13:30:02,1726839002072,6.2,1
937,2024-09-20,SPX241220P03700000,2024-09-20T15:02:54,1726844574594,6,1
938,2024-09-20,SPX241220P03700000,2024-09-20T17:41:51,1726854111395,5.68,1
942,2024-09-20,SPX241220P03700000,2024-09-20T19:52:24,1726861944188,5.8,1
943,2024-09-20,SPX241220P03700000,2024-09-20T19:52:32,1726861952130,5.8,1
944,2024-09-20,SPX241220C05600000,2024-09-20T13:35:57,1726839357354,269.5,5
945,2024-09-20,SPX241220C05600000,2024-09-20T13:56:24,1726840584115,266.28,4
946,2024-09-20,SPX241220C05600000,2024-09-20T13:56:24,1726840584269,266.28,2
947,2024-09-20,SPX241220C05600000,2024-09-20T13:56:24,1726840584476,266.28,6
948,2024-09-20,SPX241220C05600000,2024-09-20T13:56:26,1726840586127,266.35,6
949,2024-09-20,SPX241220C05600000,2024-09-20T13:56:26,1726840586173,266.39,2
950,2024-09-20,SPX241220C05600000,2024-09-20T14:07:23,1726841243894,263.7,10
951,2024-09-20,SPX241220C05600000,2024-09-20T14:16:44,1726841804348,258.9,12
953,2024-09-20,SPX241220C05600000,2024-09-20T16:04:22,1726848262443,261.03,1
954,2024-09-20,SPX241220C05600000,2024-09-20T16:04:26,1726848266621,260.84,1
955,2024-09-20,SPX241220C05600000,2024-09-20T16:10:20,1726848620044,262.45,1
956,2024-09-20,SPX241220C05600000,2024-09-20T17:07:39,1726852059929,268.61,1
957,2024-09-20,SPX241220C05600000,2024-09-20T17:08:04,1726852084802,268.56,3
958,2024-09-20,SPX241220C05600000,2024-09-20T17:16:24,1726852584080,268.73,1
959,2024-09-20,SPX241220C05600000,2024-09-20T17:48:34,1726854514024,268.45,3
960,2024-09-20,SPX241220C05600000,2024-09-20T18:09:04,1726855744485,260.54,2
961,2024-09-20,SPX241220C05600000,2024-09-20T18:21:13,1726856473024,260.57,3
962,2024-09-20,SPX241220C05600000,2024-09-20T18:21:13,1726856473025,260.57,6
963,2024-09-20,SPX241220C05600000,2024-09-20T18:41:30,1726857690812,256.43,1
964,2024-09-20,SPX241220C05600000,2024-09-20T18:59:02,1726858742149,264.5,6
965,2024-09-20,SPX241220C05600000,2024-09-20T19:22:54,1726860174325,265.88,1
966,2024-09-20,SPX241220C05600000,2024-09-20T19:38:47,1726861127729,272.81,2
967,2024-09-20,SPX241220C05600000,2024-09-20T19:42:04,1726861324879,272.65,3
968,2024-09-20,SPX241220C05600000,2024-09-20T19:57:22,1726862242756,266.89,1
969,2024-09-20,SPX241220P04500000,2024-09-20T14:08:14,1726841294320,15.9,3
970,2024-09-20,SPX241220P04500000,2024-09-20T14:18:17,1726841897274,16,50
971,2024-09-20,SPX241220P04500000,2024-09-20T14:19:10,1726841950778,15.7,5
972,2024-09-20,SPX241220P04500000,2024-09-20T14:19:25,1726841965645,15.8,2
974,2024-09-20,SPX241220P04500000,2024-09-20T14:19:39,1726841979896,15.8,5
975,2024-09-20,SPX241220P04500000,2024-09-20T14:20:22,1726842022313,15.6,4
976,2024-09-20,SPX241220P04500000,2024-09-20T14:58:28,1726844308723,15.46,1
977,2024-09-20,SPX241220P04500000,2024-09-20T15:39:48,1726846788994,15.71,200
978,2024-09-20,SPX241220P04500000,2024-09-20T15:48:03,1726847283061,15.2,13
979,2024-09-20,SPX241220P04500000,2024-09-20T15:48:03,1726847283062,15.2,1
980,2024-09-20,SPX241220P04500000,2024-09-20T15:48:03,1726847283063,15.2,1
981,2024-09-20,SPX241220P04500000,2024-09-20T15:48:03,1726847283067,15.2,1
982,2024-09-20,SPX241220P04500000,2024-09-20T15:48:03,1726847283068,15.2,2
983,2024-09-20,SPX241220P04500000,2024-09-20T15:48:03,1726847283084,15.2,7
984,2024-09-20,SPX241220P04500000,2024-09-20T16:03:41,1726848221581,15.2,13
985,2024-09-20,SPX241220P04500000,2024-09-20T16:05:19,1726848319556,15.2,1
986,2024-09-20,SPX241220P04500000,2024-09-20T16:05:19,1726848319559,15.2,1
987,2024-09-20,SPX241220P04500000,2024-09-20T16:05:19,1726848319560,15.2,1
988,2024-09-20,SPX241220P04500000,2024-09-20T16:05:19,1726848319561,15.2,1
989,2024-09-20,SPX241220P04500000,2024-09-20T16:05:19,1726848319566,15.2,1
990,2024-09-20,SPX241220P04500000,2024-09-20T16:05:19,1726848319569,15.2,2
991,2024-09-20,SPX241220P04500000,2024-09-20T16:05:19,1726848319571,15.2,1
992,2024-09-20,SPX241220P04500000,2024-09-20T16:05:19,1726848319573,15.2,1
993,2024-09-20,SPX241220P04500000,2024-09-20T16:05:19,1726848319628,15.2,2
994,2024-09-20,SPX241220P04500000,2024-09-20T16:05:20,1726848320373,15.2,2
995,2024-09-20,SPX241220P04500000,2024-09-20T16:05:20,1726848320376,15.2,1
996,2024-09-20,SPX241220P04500000,2024-09-20T16:05:20,1726848320395,15.2,1
997,2024-09-20,SPX241220P04500000,2024-09-20T16:05:20,1726848320403,15.2,1
998,2024-09-20,SPX241220P04500000,2024-09-20T16:05:20,1726848320406,15.2,21
999,2024-09-20,SPX241220P04500000,2024-09-20T16:09:35,1726848575217,15.1,3
1000,2024-09-20,SPX241220P04500000,2024-09-20T16:09:35,1726848575217,15.1,22
1001,2024-09-20,SPX241220P04500000,2024-09-20T16:12:24,1726848744166,15.2,50
1003,2024-09-20,SPX241220P04500000,2024-09-20T16:24:14,1726849454616,15,1
1004,2024-09-20,SPX241220P04500000,2024-09-20T16:24:14,1726849454619,15,1
1005,2024-09-20,SPX241220P04500000,2024-09-20T16:24:14,1726849454620,15,1
1006,2024-09-20,SPX241220P04500000,2024-09-20T16:24:14,1726849454655,15,12
1007,2024-09-20,SPX241220P04500000,2024-09-20T16:24:15,1726849455015,15,2
1009,2024-09-20,SPX241220P04500000,2024-09-20T16:24:15,1726849455017,15,1
1011,2024-09-20,SPX241220P04500000,2024-09-20T16:24:15,1726849455021,15,4
1013,2024-09-20,SPX241220P04500000,2024-09-20T16:24:15,1726849455024,15,2
1015,2024-09-20,SPX241220P04500000,2024-09-20T16:24:15,1726849455028,15,1
1017,2024-09-20,SPX241220P04500000,2024-09-20T16:24:15,1726849455035,15,15
1018,2024-09-20,SPX241220P04500000,2024-09-20T16:37:32,1726850252194,14.8,1
1019,2024-09-20,SPX241220P04500000,2024-09-20T16:37:32,1726850252207,14.8,24
1020,2024-09-20,SPX241220P04500000,2024-09-20T17:05:39,1726851939019,14.7,1
1021,2024-09-20,SPX241220P04500000,2024-09-20T18:10:23,1726855823374,15.4,1
1022,2024-09-20,SPX241220P04500000,2024-09-20T18:10:23,1726855823375,15.4,1
1023,2024-09-20,SPX241220P04500000,2024-09-20T18:10:23,1726855823382,15.4,1
1025,2024-09-20,SPX241220P04500000,2024-09-20T18:10:23,1726855823383,15.4,1
1027,2024-09-20,SPX241220P04500000,2024-09-20T18:10:23,1726855823387,15.4,2
1029,2024-09-20,SPX241220P04500000,2024-09-20T18:11:03,1726855863230,15.5,2
1030,2024-09-20,SPX241220P04500000,2024-09-20T18:58:15,1726858695934,15.4,1
1031,2024-09-20,SPX241220P04500000,2024-09-20T19:25:40,1726860340255,14.96,100
1032,2024-09-20,SPX241220P04500000,2024-09-20T19:25:40,1726860340315,14.96,650
1033,2024-09-20,SPX241220P04500000,2024-09-20T19:40:06,1726861206046,14.5,2
1034,2024-09-20,SPX241220P05300000,2024-09-20T13:31:03,1726839063970,57,1
1035,2024-09-20,SPX241220P05300000,2024-09-20T13:36:16,1726839376731,56.1,9
1036,2024-09-20,SPX241220P05300000,2024-09-20T13:38:56,1726839536582,56.1,4
1037,2024-09-20,SPX241220P05300000,2024-09-20T13:38:56,1726839536582,56.1,2
1038,2024-09-20,SPX241220P05300000,2024-09-20T13:38:56,1726839536582,56.1,1
1042,2024-09-20,SPX241220P05300000,2024-09-20T13:48:16,1726840096394,57.32,6
1043,2024-09-20,SPX241220P05300000,2024-09-20T13:49:45,1726840185594,57.7,6
1044,2024-09-20,SPX241220P05300000,2024-09-20T13:51:45,1726840305946,57.5,1
1045,2024-09-20,SPX241220P05300000,2024-09-20T13:51:48,1726840308481,57.55,3
1046,2024-09-20,SPX241220P05300000,2024-09-20T13:55:05,1726840505341,58,1
1047,2024-09-20,SPX241220P05300000,2024-09-20T13:55:18,1726840518163,57.9,255
1048,2024-09-20,SPX241220P05300000,2024-09-20T13:55:18,1726840518236,57.9,100
1049,2024-09-20,SPX241220P05300000,2024-09-20T13:55:38,1726840538888,58.1,1
1053,2024-09-20,SPX241220P05300000,2024-09-20T13:58:58,1726840738643,58.45,84
1054,2024-09-20,SPX241220P05300000,2024-09-20T13:58:59,1726840739908,58.39,28
1055,2024-09-20,SPX241220P05300000,2024-09-20T13:59:00,1726840740197,58.42,2
1056,2024-09-20,SPX241220P05300000,2024-09-20T13:59:00,1726840740200,58.42,2
1057,2024-09-20,SPX241220P05300000,2024-09-20T13:59:00,1726840740357,58.44,4
1058,2024-09-20,SPX241220P05300000,2024-09-20T13:59:00,1726840740359,58.44,2
1059,2024-09-20,SPX241220P05300000,2024-09-20T13:59:00,1726840740711,58.44,2
1060,2024-09-20,SPX241220P05300000,2024-09-20T13:59:00,1726840740763,58.44,2
1061,2024-09-20,SPX241220P05300000,2024-09-20T13:59:00,1726840740993,58.42,4
1062,2024-09-20,SPX241220P05300000,2024-09-20T13:59:00,1726840740995,58.42,2
1063,2024-09-20,SPX241220P05300000,2024-09-20T13:59:00,1726840740998,58.42,2
1064,2024-09-20,SPX241220P05300000,2024-09-20T13:59:00,1726840740999,58.42,52
1065,2024-09-20,SPX241220P05300000,2024-09-20T13:59:00,1726840740999,58.42,2
1066,2024-09-20,SPX241220P05300000,2024-09-20T13:59:01,1726840741000,58.42,30
1067,2024-09-20,SPX241220P05300000,2024-09-20T13:59:01,1726840741000,58.42,6
1068,2024-09-20,SPX241220P05300000,2024-09-20T13:59:06,1726840746937,58.36,358
1069,2024-09-20,SPX241220P05300000,2024-09-20T13:59:21,1726840761693,58.6,40
1070,2024-09-20,SPX241220P05300000,2024-09-20T13:59:21,1726840761693,58.6,22
1071,2024-09-20,SPX241220P05300000,2024-09-20T13:59:21,1726840761695,58.6,58
1072,2024-09-20,SPX241220P05300000,2024-09-20T14:00:33,1726840833986,59.1,1
1073,2024-09-20,SPX241220P05300000,2024-09-20T14:23:15,1726842195426,57.86,320
1074,2024-09-20,SPX241220P05300000,2024-09-20T14:34:29,1726842869485,57.3,15
1075,2024-09-20,SPX241220P05300000,2024-09-20T15:22:48,1726845768427,59.8,10
1076,2024-09-20,SPX241220P05300000,2024-09-20T15:55:58,1726847758586,57.9,100
1079,2024-09-20,SPX241220P05300000,2024-09-20T15:55:58,1726847758587,57.9,200
1080,2024-09-20,SPX241220P05300000,2024-09-20T16:10:00,1726848600708,57.4,1
1081,2024-09-20,SPX241220P05300000,2024-09-20T16:19:24,1726849164673,57.31,1
1082,2024-09-20,SPX241220P05300000,2024-09-20T16:33:49,1726850029336,56.2,2
1083,2024-09-20,SPX241220P05300000,2024-09-20T16:33:49,1726850029336,56.2,1
1084,2024-09-20,SPX241220P05300000,2024-09-20T17:14:40,1726852480997,55.2,1
1085,2024-09-20,SPX241220P05300000,2024-09-20T17:46:10,1726854370598,55.1,200
1086,2024-09-20,SPX241220P05300000,2024-09-20T18:02:44,1726855364956,56.9,1
1087,2024-09-20,SPX241220P05300000,2024-09-20T19:23:13,1726860193072,56.29,1
1088,2024-09-20,SPX241220P05300000,2024-09-20T19:35:23,1726860923651,55.7,1
1089,2024-09-20,SPX241220P05300000,2024-09-20T19:43:22,1726861402021,54.2,5
1090,2024-09-20,SPX261218C04200000,2024-09-20T13:32:58,1726839178795,1810.92,1
1091,2024-09-20,SPX251219P04900000,2024-09-20T16:12:24,1726848744087,143.76,450
1092,2024-09-20,SPX261218C05000000,2024-09-20T14:12:27,1726841547593,1221.87,1
1093,2024-09-20,SPX261218C05000000,2024-09-20T14:12:35,1726841555759,1222.4,1
1094,2024-09-20,SPX251219P05700000,2024-09-20T13:56:27,1726840587789,309.13,1
1095,2024-09-20,SPX251219P05700000,2024-09-20T16:48:39,1726850919854,311.1,22
1096,2024-09-20,SPX251219P05700000,2024-09-20T16:48:39,1726850919854,311.1,23
1097,2024-09-20,SPX251219P05700000,2024-09-20T16:48:39,1726850919854,311.1,30
1098,2024-09-20,SPX251219P05700000,2024-09-20T17:43:08,1726854188847,306.11,1
1099,2024-09-20,SPX251219P05700000,2024-09-20T19:29:22,1726860562610,310,50
1100,2024-09-20,SPX251219P05700000,2024-09-20T19:29:22,1726860562611,310,50
1103,2024-09-20,SPX251219P05700000,2024-09-20T19:29:22,1726860562612,310,75
1105,2024-09-20,SPX251219P05700000,2024-09-20T19:29:22,1726860562679,310,150
1106,2024-09-20,SPX241220C04900000,2024-09-20T19:57:26,1726862246116,883,1832
1107,2024-09-20,SPX241220P03800000,2024-09-20T13:30:30,1726839030646,6.67,2
1109,2024-09-20,SPX241220P03800000,2024-09-20T13:30:30,1726839030915,6.66,4
1110,2024-09-20,SPX241220P03800000,2024-09-20T13:30:52,1726839052847,6.7,2
1111,2024-09-20,SPX241220P03800000,2024-09-20T13:31:22,1726839082820,6.7,1
1112,2024-09-20,SPX241220P03800000,2024-09-20T17:41:51,1726854111395,6.33,1
1116,2024-09-20,SPX241220P03800000,2024-09-20T19:15:04,1726859704724,6.58,165
1117,2024-09-20,SPX241220P03800000,2024-09-20T19:52:37,1726861957258,6.5,1
1118,2024-09-20,SPX241220P03800000,2024-09-20T19:52:42,1726861962513,6.5,1
1119,2024-09-20,SPX241220C05700000,2024-09-20T13:40:54,1726839654779,198.4,11
1120,2024-09-20,SPX241220C05700000,2024-09-20T13:44:59,1726839899418,196.99,1
1121,2024-09-20,SPX241220C05700000,2024-09-20T13:45:34,1726839934815,195.35,1
1122,2024-09-20,SPX241220C05700000,2024-09-20T13:46:28,1726839988909,195.87,1
1123,2024-09-20,SPX241220C05700000,2024-09-20T13:49:58,1726840198124,195.2,1
1124,2024-09-20,SPX241220C05700000,2024-09-20T13:50:12,1726840212553,196.67,1
1125,2024-09-20,SPX241220C05700000,2024-09-20T13:50:23,1726840223697,196.67,1
1126,2024-09-20,SPX241220C05700000,2024-09-20T13:51:07,1726840267786,198.09,1
1127,2024-09-20,SPX241220C05700000,2024-09-20T13:51:36,1726840296560,197.36,3
1128,2024-09-20,SPX241220C05700000,2024-09-20T13:51:45,1726840305740,197.22,1
1129,2024-09-20,SPX241220C05700000,2024-09-20T14:20:41,1726842041787,193.7,1
1130,2024-09-20,SPX241220C05700000,2024-09-20T14:27:38,1726842458669,193.5,1
1131,2024-09-20,SPX241220C05700000,2024-09-20T15:05:25,1726844725341,185.39,1
1132,2024-09-20,SPX241220C05700000,2024-09-20T15:05:26,1726844726429,185.48,1
1133,2024-09-20,SPX241220C05700000,2024-09-20T15:05:26,1726844726762,185.42,1
1134,2024-09-20,SPX241220C05700000,2024-09-20T15:05:28,1726844728410,185.65,1
1135,2024-09-20,SPX241220C05700000,2024-09-20T15:05:29,1726844729982,185.59,1
1136,2024-09-20,SPX241220C05700000,2024-09-20T15:05:43,1726844743236,185.39,1
1137,2024-09-20,SPX241220C05700000,2024-09-20T15:05:50,1726844750273,185.53,1
1138,2024-09-20,SPX241220C05700000,2024-09-20T15:05:50,1726844750384,185.6,1
1139,2024-09-20,SPX241220C05700000,2024-09-20T15:05:50,1726844750445,185.6,2
1140,2024-09-20,SPX241220C05700000,2024-09-20T15:05:50,1726844750497,185.66,6
1141,2024-09-20,SPX241220C05700000,2024-09-20T15:05:50,1726844750735,185.7,4
1142,2024-09-20,SPX241220C05700000,2024-09-20T15:11:44,1726845104096,185.15,22
1143,2024-09-20,SPX241220C05700000,2024-09-20T15:12:47,1726845167864,184.82,1
1144,2024-09-20,SPX241220C05700000,2024-09-20T15:14:55,1726845295126,182.61,1
1145,2024-09-20,SPX241220C05700000,2024-09-20T15:15:14,1726845314244,181.99,1
1146,2024-09-20,SPX241220C05700000,2024-09-20T15:15:23,1726845323558,182.14,1
1147,2024-09-20,SPX241220C05700000,2024-09-20T15:15:28,1726845328778,182.06,1
1148,2024-09-20,SPX241220C05700000,2024-09-20T15:15:45,1726845345708,180.7,1
1149,2024-09-20,SPX241220C05700000,2024-09-20T15:16:03,1726845363204,180.93,1
1150,2024-09-20,SPX241220C05700000,2024-09-20T15:18:47,1726845527490,183.4,1
1151,2024-09-20,SPX241220C05700000,2024-09-20T15:18:50,1726845530966,183.6,1
1152,2024-09-20,SPX241220C05700000,2024-09-20T15:18:54,1726845534983,183.63,1
1153,2024-09-20,SPX241220C05700000,2024-09-20T15:19:16,1726845556970,183.64,1
1154,2024-09-20,SPX241220C05700000,2024-09-20T15:19:19,1726845559963,184.14,1
1155,2024-09-20,SPX241220C05700000,2024-09-20T15:19:34,1726845574276,184.24,1
1156,2024-09-20,SPX241220C05700000,2024-09-20T15:20:14,1726845614880,184.45,1
1157,2024-09-20,SPX241220C05700000,2024-09-20T15:22:15,1726845735855,184.82,1
1158,2024-09-20,SPX241220C05700000,2024-09-20T15:46:31,1726847191228,190,1
1159,2024-09-20,SPX241220C05700000,2024-09-20T15:50:13,1726847413377,191,1000
1160,2024-09-20,SPX241220C05700000,2024-09-20T15:51:16,1726847476350,191.01,50
1161,2024-09-20,SPX241220C05700000,2024-09-20T15:51:16,1726847476350,191.01,400
1162,2024-09-20,SPX241220C05700000,2024-09-20T15:55:51,1726847751007,188.44,100
1163,2024-09-20,SPX241220C05700000,2024-09-20T15:55:51,1726847751082,188.44,100
1164,2024-09-20,SPX241220C05700000,2024-09-20T15:55:51,1726847751138,188.44,100
1165,2024-09-20,SPX241220C05700000,2024-09-20T15:55:51,1726847751202,188.44,200
1166,2024-09-20,SPX241220C05700000,2024-09-20T16:10:20,1726848620044,192.43,1
1167,2024-09-20,SPX241220C05700000,2024-09-20T16:44:25,1726850665242,196.58,1
1168,2024-09-20,SPX241220C05700000,2024-09-20T16:46:51,1726850811526,197.18,1
1169,2024-09-20,SPX241220C05700000,2024-09-20T16:54:05,1726851245502,198,1
1170,2024-09-20,SPX241220C05700000,2024-09-20T17:01:14,1726851674202,197.58,1
1171,2024-09-20,SPX241220C05700000,2024-09-20T17:10:49,1726852249974,196.67,1
1172,2024-09-20,SPX241220C05700000,2024-09-20T17:50:45,1726854645174,197.15,1
1173,2024-09-20,SPX241220C05700000,2024-09-20T17:53:20,1726854800693,197.4,1
1174,2024-09-20,SPX241220C05700000,2024-09-20T18:02:09,1726855329171,195.1,1
1175,2024-09-20,SPX241220C05700000,2024-09-20T18:03:55,1726855435988,191.25,1
1176,2024-09-20,SPX241220C05700000,2024-09-20T18:10:41,1726855841066,189.54,1
1177,2024-09-20,SPX241220C05700000,2024-09-20T18:42:21,1726857741763,187.86,3
1178,2024-09-20,SPX241220C05700000,2024-09-20T19:12:35,1726859555147,191.64,1
1179,2024-09-20,SPX241220C05700000,2024-09-20T19:22:54,1726860174325,195.34,1
1180,2024-09-20,SPX241220C05700000,2024-09-20T19:38:33,1726861113443,200.05,10
1181,2024-09-20,SPX241220C05700000,2024-09-20T19:38:37,1726861117898,201.84,1
1182,2024-09-20,SPX241220C05700000,2024-09-20T19:40:13,1726861213445,200.52,2
1184,2024-09-20,SPX241220C05700000,2024-09-20T19:40:13,1726861213445,200.52,1
1185,2024-09-20,SPX241220C05700000,2024-09-20T19:42:04,1726861324879,201.42,2
1186,2024-09-20,SPX241220C05700000,2024-09-20T19:57:26,1726862246116,199,831
1187,2024-09-20,SPX241220P04600000,2024-09-20T13:33:18,1726839198902,17.55,1
1188,2024-09-20,SPX241220P04600000,2024-09-20T13:44:00,1726839840561,17.5,1
1189,2024-09-20,SPX241220P04600000,2024-09-20T13:45:21,1726839921145,17.75,1
1190,2024-09-20,SPX241220P04600000,2024-09-20T13:45:49,1726839949124,17.72,1
1191,2024-09-20,SPX241220P04600000,2024-09-20T13:48:23,1726840103328,17.9,1
1193,2024-09-20,SPX241220P04600000,2024-09-20T15:32:19,1726846339586,18,50
1195,2024-09-20,SPX241220P04600000,2024-09-20T15:32:19,1726846339587,18,50
1196,2024-09-20,SPX241220P04600000,2024-09-20T15:32:19,1726846339588,18,50
1198,2024-09-20,SPX241220P04600000,2024-09-20T15:32:19,1726846339589,18,100
1199,2024-09-20,SPX241220P04600000,2024-09-20T15:32:19,1726846339590,18,50
1200,2024-09-20,SPX241220P04600000,2024-09-20T15:32:19,1726846339591,18,50
1202,2024-09-20,SPX241220P04600000,2024-09-20T15:32:19,1726846339592,18,25
1203,2024-09-20,SPX241220P04600000,2024-09-20T15:32:19,1726846339593,18,50
1204,2024-09-20,SPX241220P04600000,2024-09-20T16:07:30,1726848450659,17.5,3
1205,2024-09-20,SPX241220P04600000,2024-09-20T18:23:04,1726856584845,17.8,1
1206,2024-09-20,SPX241220P05400000,2024-09-20T13:48:16,1726840096394,70.32,6
1207,2024-09-20,SPX241220P05400000,2024-09-20T13:49:45,1726840185594,70.8,6
1208,2024-09-20,SPX241220P05400000,2024-09-20T13:51:48,1726840308481,70.55,3
1209,2024-09-20,SPX241220P05400000,2024-09-20T13:55:38,1726840538888,71.2,1
1213,2024-09-20,SPX241220P05400000,2024-09-20T14:01:16,1726840876181,72.82,50
1214,2024-09-20,SPX241220P05400000,2024-09-20T14:01:16,1726840876182,72.82,50
1215,2024-09-20,SPX241220P05400000,2024-09-20T14:01:16,1726840876182,72.82,100
1216,2024-09-20,SPX241220P05400000,2024-09-20T14:32:53,1726842773225,71.33,10
1218,2024-09-20,SPX241220P05400000,2024-09-20T15:17:06,1726845426395,74.9,1
1219,2024-09-20,SPX241220P05400000,2024-09-20T15:22:25,1726845745433,75.18,50
1220,2024-09-20,SPX241220P05400000,2024-09-20T15:22:25,1726845745433,75.18,100
1221,2024-09-20,SPX241220P05400000,2024-09-20T15:22:25,1726845745434,75.18,100
1222,2024-09-20,SPX241220P05400000,2024-09-20T15:22:34,1726845754101,73.5,1
1223,2024-09-20,SPX241220P05400000,2024-09-20T15:34:15,1726846455940,72.5,1
1224,2024-09-20,SPX241220P05400000,2024-09-20T15:35:19,1726846519034,71.9,1
1225,2024-09-20,SPX241220P05400000,2024-09-20T16:33:49,1726850029336,69.1,2
1226,2024-09-20,SPX241220P05400000,2024-09-20T16:33:49,1726850029336,69.1,1
1227,2024-09-20,SPX241220P05400000,2024-09-20T18:23:30,1726856610705,72.7,1
1228,2024-09-20,SPX261218P04000000,2024-09-20T18:11:05,1726855865216,107.5,1
1229,2024-09-20,SPX261218P04000000,2024-09-20T19:40:02,1726861202034,107,100
1231,2024-09-20,SPX261218P04000000,2024-09-20T19:40:02,1726861202034,107,49
1232,2024-09-20,SPX261218P04000000,2024-09-20T19:40:02,1726861202035,107,125
1233,2024-09-20,SPX261218P04000000,2024-09-20T19:40:02,1726861202035,107,150
1234,2024-09-20,SPX261218P04000000,2024-09-20T19:40:02,1726861202035,107,100
1237,2024-09-20,SPX261218P04000000,2024-09-20T19:40:02,1726861202110,107,100
1238,2024-09-20,SPX261218P04000000,2024-09-20T19:57:36,1726862256621,106.3,4
1239,2024-09-20,SPX251219P05800000,2024-09-20T13:38:26,1726839506480,336.8,1
1240,2024-09-20,SPX251219P05800000,2024-09-20T14:18:17,1726841897216,342.38,50
1241,2024-09-20,SPX251219P05800000,2024-09-20T14:30:11,1726842611026,340.36,50
1242,2024-09-20,SPX251219P05800000,2024-09-20T14:30:11,1726842611027,340.36,200
1243,2024-09-20,SPX251219P05800000,2024-09-20T14:30:11,1726842611087,340.36,250
1244,2024-09-20,SPX241220P03900000,2024-09-20T19:15:04,1726859704724,7.38,165
1245,2024-09-20,SPX241220P03900000,2024-09-20T19:39:01,1726861141449,7,7
1246,2024-09-20,SPX241220P03900000,2024-09-20T19:55:08,1726862108845,7.3,1
1247,2024-09-20,SPX241220P03900000,2024-09-20T19:55:41,1726862141438,7.3,1
1248,2024-09-20,SPX241220P03900000,2024-09-20T19:55:46,1726862146845,7.3,1
1249,2024-09-20,SPX241220P03900000,2024-09-20T19:55:51,1726862151400,7.3,1
1250,2024-09-20,SPX241220C05800000,2024-09-20T13:43:16,1726839796048,138,1
1251,2024-09-20,SPX241220C05800000,2024-09-20T13:43:18,1726839798510,138,1
1252,2024-09-20,SPX241220C05800000,2024-09-20T13:58:58,1726840738643,135,42
1253,2024-09-20,SPX241220C05800000,2024-09-20T13:58:59,1726840739908,134.98,14
1254,2024-09-20,SPX241220C05800000,2024-09-20T13:59:00,1726840740197,135.04,1
1255,2024-09-20,SPX241220C05800000,2024-09-20T13:59:00,1726840740200,135.04,1
1256,2024-09-20,SPX241220C05800000,2024-09-20T13:59:00,1726840740357,135.08,2
1257,2024-09-20,SPX241220C05800000,2024-09-20T13:59:00,1726840740359,135.08,1
1258,2024-09-20,SPX241220C05800000,2024-09-20T13:59:00,1726840740711,135.08,1
1259,2024-09-20,SPX241220C05800000,2024-09-20T13:59:00,1726840740763,135.08,1
1260,2024-09-20,SPX241220C05800000,2024-09-20T13:59:00,1726840740993,135.04,2
1261,2024-09-20,SPX241220C05800000,2024-09-20T13:59:00,1726840740995,135.04,1
1262,2024-09-20,SPX241220C05800000,2024-09-20T13:59:00,1726840740998,135.04,1
1263,2024-09-20,SPX241220C05800000,2024-09-20T13:59:00,1726840740999,135.04,26
1264,2024-09-20,SPX241220C05800000,2024-09-20T13:59:00,1726840740999,135.04,1
1265,2024-09-20,SPX241220C05800000,2024-09-20T13:59:01,1726840741000,135.04,15
1266,2024-09-20,SPX241220C05800000,2024-09-20T13:59:01,1726840741000,135.04,3
1267,2024-09-20,SPX241220C05800000,2024-09-20T13:59:06,1726840746937,135.02,179
1268,2024-09-20,SPX241220C05800000,2024-09-20T14:19:55,1726841995778,133.2,20
1269,2024-09-20,SPX241220C05800000,2024-09-20T14:35:46,1726842946139,133.1,75
1271,2024-09-20,SPX241220C05800000,2024-09-20T14:35:46,1726842946139,133.1,200
1272,2024-09-20,SPX241220C05800000,2024-09-20T14:35:46,1726842946140,133.1,100
1273,2024-09-20,SPX241220C05800000,2024-09-20T14:51:31,1726843891144,131.56,66
1274,2024-09-20,SPX241220C05800000,2024-09-20T14:51:31,1726843891144,131.56,67
1276,2024-09-20,SPX241220C05800000,2024-09-20T14:51:31,1726843891145,131.56,100
1277,2024-09-20,SPX241220C05800000,2024-09-20T15:31:08,1726846268007,126.21,50
1278,2024-09-20,SPX241220C05800000,2024-09-20T15:31:08,1726846268007,126.21,100
1279,2024-09-20,SPX241220C05800000,2024-09-20T15:38:45,1726846725212,127.98,50
1280,2024-09-20,SPX241220C05800000,2024-09-20T15:55:49,1726847749394,129,6
1281,2024-09-20,SPX241220C05800000,2024-09-20T15:55:49,1726847749394,129,5
1282,2024-09-20,SPX241220C05800000,2024-09-20T15:55:49,1726847749484,129,7
1283,2024-09-20,SPX241220C05800000,2024-09-20T16:28:39,1726849719444,134.4,7
1284,2024-09-20,SPX241220C05800000,2024-09-20T17:16:24,1726852584080,136.96,1
1285,2024-09-20,SPX241220C05800000,2024-09-20T18:09:58,1726855798608,132.3,100
1287,2024-09-20,SPX241220C05800000,2024-09-20T18:11:02,1726855862114,132.1,50
1288,2024-09-20,SPX241220C05800000,2024-09-20T18:11:02,1726855862114,132.1,100
1291,2024-09-20,SPX241220C05800000,2024-09-20T18:53:23,1726858403085,132.95,1
1292,2024-09-20,SPX241220C05800000,2024-09-20T19:02:29,1726858949576,134.1,1
1293,2024-09-20,SPX241220C05800000,2024-09-20T19:02:41,1726858961850,134.09,1
1294,2024-09-20,SPX241220C05800000,2024-09-20T19:43:16,1726861396334,141.27,1
1295,2024-09-20,SPX241220C05800000,2024-09-20T19:57:22,1726862242756,135.94,1
1296,2024-09-20,SPX241220C05800000,2024-09-20T19:57:26,1726862246116,138,252
1297,2024-09-20,SPX241220P04700000,2024-09-20T13:44:59,1726839899418,20.35,1
1298,2024-09-20,SPX241220P04700000,2024-09-20T13:45:34,1726839934815,20.45,1
1299,2024-09-20,SPX241220P04700000,2024-09-20T13:46:28,1726839988909,20.45,1
1300,2024-09-20,SPX241220P04700000,2024-09-20T13:49:58,1726840198124,20.55,1
1301,2024-09-20,SPX241220P04700000,2024-09-20T13:50:12,1726840212553,20.54,1
1302,2024-09-20,SPX241220P04700000,2024-09-20T13:50:23,1726840223697,20.49,1
1303,2024-09-20,SPX241220P04700000,2024-09-20T13:51:07,1726840267786,20.44,1
1304,2024-09-20,SPX241220P04700000,2024-09-20T13:51:36,1726840296560,20.55,3
1305,2024-09-20,SPX241220P04700000,2024-09-20T13:51:37,1726840297117,20.1,70
1306,2024-09-20,SPX241220P04700000,2024-09-20T13:51:37,1726840297117,20.1,150
1307,2024-09-20,SPX241220P04700000,2024-09-20T13:51:37,1726840297118,20.1,70
1309,2024-09-20,SPX241220P04700000,2024-09-20T13:51:37,1726840297119,20.1,70
1311,2024-09-20,SPX241220P04700000,2024-09-20T13:51:45,1726840305740,20.56,1
1312,2024-09-20,SPX241220P04700000,2024-09-20T14:56:47,1726844207286,20.4,51
1313,2024-09-20,SPX241220P04700000,2024-09-20T15:06:26,1726844786248,20.65,1
1314,2024-09-20,SPX241220P04700000,2024-09-20T16:22:58,1726849378963,19.8,2
1315,2024-09-20,SPX241220P04700000,2024-09-20T16:22:58,1726849378963,19.8,1
1318,2024-09-20,SPX241220P04700000,2024-09-20T17:05:38,1726851938070,19.4,5
1319,2024-09-20,SPX241220P04700000,2024-09-20T19:00:11,1726858811028,20.3,1
1320,2024-09-20,SPX241220P05500000,2024-09-20T13:47:26,1726840046793,87.62,10
1321,2024-09-20,SPX241220P05500000,2024-09-20T13:51:37,1726840297117,85.8,70
1322,2024-09-20,SPX241220P05500000,2024-09-20T13:51:37,1726840297117,85.8,150
1323,2024-09-20,SPX241220P05500000,2024-09-20T13:51:37,1726840297118,85.8,70
1325,2024-09-20,SPX241220P05500000,2024-09-20T13:51:37,1726840297119,85.8,70
1327,2024-09-20,SPX241220P05500000,2024-09-20T14:49:57,1726843797498,87,60
1328,2024-09-20,SPX241220P05500000,2024-09-20T14:49:57,1726843797558,87,30
1329,2024-09-20,SPX241220P05500000,2024-09-20T14:49:57,1726843797620,87,30
1330,2024-09-20,SPX241220P05500000,2024-09-20T14:49:57,1726843797680,87,30
1331,2024-09-20,SPX241220P05500000,2024-09-20T15:02:04,1726844524695,90.25,1
1332,2024-09-20,SPX241220P05500000,2024-09-20T19:12:17,1726859537136,87.26,1
1333,2024-09-20,SPX241220P05500000,2024-09-20T19:14:05,1726859645215,87.4,1
1334,2024-09-20,SPX241220P05500000,2024-09-20T19:15:56,1726859756491,86.99,1
1335,2024-09-20,SPX241220P05500000,2024-09-20T19:17:53,1726859873599,86.74,1
1336,2024-09-20,SPX241220P05500000,2024-09-20T19:20:06,1726860006296,86.05,1
1337,2024-09-20,SPX241220P05500000,2024-09-20T19:21:39,1726860099063,84.74,1
1338,2024-09-20,SPX241220P05500000,2024-09-20T19:23:18,1726860198204,85.52,1
1339,2024-09-20,SPX241220P05500000,2024-09-20T19:25:10,1726860310496,85.27,1
1340,2024-09-20,SPX241220P05500000,2024-09-20T19:26:59,1726860419599,85.27,1
1341,2024-09-20,SPX241220P05500000,2024-09-20T19:29:23,1726860563559,85.5,9
1342,2024-09-20,SPX241220P05500000,2024-09-20T19:29:23,1726860563559,85.5,10
1343,2024-09-20,SPX241220P05500000,2024-09-20T19:29:23,1726860563560,85.5,10
1346,2024-09-20,SPX241220P05500000,2024-09-20T19:29:23,1726860563629,85.5,39
1347,2024-09-20,SPX241220P05500000,2024-09-20T19:40:41,1726861241013,83.6,1
1348,2024-09-20,SPX241220P05500000,2024-09-20T19:44:47,1726861487885,82.9,1
1349,2024-09-20,SPX241220P05500000,2024-09-20T19:47:10,1726861630711,83.7,1
1350,2024-09-20,SPX241220P05500000,2024-09-20T19:47:54,1726861674809,84,1
1351,2024-09-20,SPX241220P05500000,2024-09-20T19:48:38,1726861718891,83.9,1
1352,2024-09-20,SPX241220P05500000,2024-09-20T19:49:22,1726861762989,84,1
1353,2024-09-20,SPX241220P05500000,2024-09-20T19:50:11,1726861811243,84.4,1
1354,2024-09-20,SPX241220P05500000,2024-09-20T19:50:56,1726861856357,84.6,1
1355,2024-09-20,SPX241220P05500000,2024-09-20T19:51:41,1726861901455,84.35,1
1356,2024-09-20,SPX241220P05500000,2024-09-20T19:52:26,1726861946537,84.45,1
1357,2024-09-20,SPX241220P05500000,2024-09-20T19:53:12,1726861992666,84.7,1
1358,2024-09-20,SPX241220P05500000,2024-09-20T19:53:58,1726862038764,84.45,1
1359,2024-09-20,SPX241220P05500000,2024-09-20T19:54:45,1726862085863,84.46,1
1360,2024-09-20,SPX241220P05500000,2024-09-20T19:55:32,1726862132945,84.7,1
1361,2024-09-20,SPX241220P05500000,2024-09-20T19:56:18,1726862178168,85.03,4
1362,2024-09-20,SPX261218P04100000,2024-09-20T13:32:58,1726839178795,114.52,1
1363,2024-09-20,SPX241220C05900000,2024-09-20T13:39:22,1726839562962,90.7,1
1364,2024-09-20,SPX241220C05900000,2024-09-20T13:58:14,1726840694487,87.1,12
1365,2024-09-20,SPX241220C05900000,2024-09-20T14:41:04,1726843264472,86.3,1
1366,2024-09-20,SPX241220C05900000,2024-09-20T16:24:54,1726849494599,84.8,125
1367,2024-09-20,SPX241220C05900000,2024-09-20T16:24:54,1726849494658,84.8,50
1368,2024-09-20,SPX241220C05900000,2024-09-20T16:52:25,1726851145139,88.41,20
1369,2024-09-20,SPX241220C05900000,2024-09-20T16:52:29,1726851149137,88.28,20
1370,2024-09-20,SPX241220C05900000,2024-09-20T16:52:30,1726851150912,88.36,12
1371,2024-09-20,SPX241220C05900000,2024-09-20T16:52:30,1726851150914,88.36,2
1372,2024-09-20,SPX241220C05900000,2024-09-20T16:52:30,1726851150982,88.36,2
1373,2024-09-20,SPX241220C05900000,2024-09-20T16:52:31,1726851151252,88.36,4
1374,2024-09-20,SPX241220C05900000,2024-09-20T16:52:32,1726851152265,88.38,20
1375,2024-09-20,SPX241220C05900000,2024-09-20T16:53:38,1726851218452,88.59,20
1376,2024-09-20,SPX241220C05900000,2024-09-20T16:53:39,1726851219464,88.53,22
1377,2024-09-20,SPX241220C05900000,2024-09-20T16:53:40,1726851220744,88.53,22
1378,2024-09-20,SPX241220C05900000,2024-09-20T16:53:41,1726851221821,88.53,8
1379,2024-09-20,SPX241220C05900000,2024-09-20T16:53:41,1726851221824,88.53,2
1380,2024-09-20,SPX241220C05900000,2024-09-20T16:53:41,1726851221825,88.54,2
1382,2024-09-20,SPX241220C05900000,2024-09-20T16:53:41,1726851221826,88.54,2
1383,2024-09-20,SPX241220C05900000,2024-09-20T16:53:41,1726851221838,88.54,2
1384,2024-09-20,SPX241220C05900000,2024-09-20T16:53:41,1726851221865,88.54,2
1385,2024-09-20,SPX241220C05900000,2024-09-20T16:53:43,1726851223526,88.63,22
1386,2024-09-20,SPX241220C05900000,2024-09-20T16:54:19,1726851259625,88.34,14
1387,2024-09-20,SPX241220C05900000,2024-09-20T16:54:19,1726851259627,88.34,4
1388,2024-09-20,SPX241220C05900000,2024-09-20T16:54:41,1726851281072,88.18,22
1389,2024-09-20,SPX241220C05900000,2024-09-20T16:54:42,1726851282382,88.16,22
1390,2024-09-20,SPX241220C05900000,2024-09-20T16:54:43,1726851283782,88.18,22
1391,2024-09-20,SPX241220C05900000,2024-09-20T16:55:02,1726851302501,88.01,22
1392,2024-09-20,SPX241220C05900000,2024-09-20T16:55:03,1726851303513,88.05,18
1393,2024-09-20,SPX241220C05900000,2024-09-20T16:55:04,1726851304525,88.02,20
1394,2024-09-20,SPX241220C05900000,2024-09-20T16:55:05,1726851305540,88.07,22
1395,2024-09-20,SPX241220C05900000,2024-09-20T16:55:07,1726851307157,88.19,18
1396,2024-09-20,SPX241220C05900000,2024-09-20T16:55:08,1726851308325,88.28,22
1397,2024-09-20,SPX241220C05900000,2024-09-20T16:55:09,1726851309461,88.21,20
1398,2024-09-20,SPX241220C05900000,2024-09-20T16:55:12,1726851312482,88.24,18
1399,2024-09-20,SPX241220C05900000,2024-09-20T16:55:14,1726851314803,88.28,8
1400,2024-09-20,SPX241220C05900000,2024-09-20T16:55:14,1726851314804,88.28,6
1401,2024-09-20,SPX241220C05900000,2024-09-20T16:55:14,1726851314957,88.28,6
1402,2024-09-20,SPX241220C05900000,2024-09-20T16:55:14,1726851314958,88.28,2
1403,2024-09-20,SPX241220C05900000,2024-09-20T16:55:15,1726851315973,88.34,20
1404,2024-09-20,SPX241220C05900000,2024-09-20T16:55:16,1726851316986,88.39,22
1405,2024-09-20,SPX241220C05900000,2024-09-20T16:55:18,1726851318266,88.39,22
1406,2024-09-20,SPX241220C05900000,2024-09-20T16:55:19,1726851319279,88.33,20
1407,2024-09-20,SPX241220C05900000,2024-09-20T16:55:20,1726851320537,88.31,18
1408,2024-09-20,SPX241220C05900000,2024-09-20T16:55:23,1726851323151,88.36,20
1409,2024-09-20,SPX241220C05900000,2024-09-20T16:55:24,1726851324528,88.36,20
1410,2024-09-20,SPX241220C05900000,2024-09-20T16:56:54,1726851414990,88.38,4
1411,2024-09-20,SPX241220C05900000,2024-09-20T16:56:54,1726851414991,88.38,18
1412,2024-09-20,SPX241220C05900000,2024-09-20T16:57:45,1726851465035,88.47,14
1413,2024-09-20,SPX241220C05900000,2024-09-20T17:00:00,1726851600208,87.78,22
1414,2024-09-20,SPX241220C05900000,2024-09-20T17:00:02,1726851602283,87.55,20
1415,2024-09-20,SPX241220C05900000,2024-09-20T17:00:03,1726851603294,87.82,18
1416,2024-09-20,SPX241220C05900000,2024-09-20T17:00:04,1726851604307,87.83,20
1417,2024-09-20,SPX241220C05900000,2024-09-20T17:00:05,1726851605320,87.89,22
1418,2024-09-20,SPX241220C05900000,2024-09-20T17:00:07,1726851607630,88.06,10
1419,2024-09-20,SPX241220C05900000,2024-09-20T17:00:07,1726851607647,88.06,8
1420,2024-09-20,SPX241220C05900000,2024-09-20T17:01:07,1726851667932,88.6,18
1421,2024-09-20,SPX241220C05900000,2024-09-20T17:02:44,1726851764034,87.59,20
1422,2024-09-20,SPX241220C05900000,2024-09-20T17:02:47,1726851767517,87.88,7
1423,2024-09-20,SPX241220C05900000,2024-09-20T17:02:47,1726851767517,87.87,7
1424,2024-09-20,SPX241220C05900000,2024-09-20T17:02:47,1726851767522,87.93,1
1425,2024-09-20,SPX241220C05900000,2024-09-20T17:02:47,1726851767522,87.92,1
1426,2024-09-20,SPX241220C05900000,2024-09-20T17:02:47,1726851767525,87.93,1
1427,2024-09-20,SPX241220C05900000,2024-09-20T17:02:47,1726851767525,87.92,1
1428,2024-09-20,SPX241220C05900000,2024-09-20T17:02:56,1726851776462,87.66,20
1429,2024-09-20,SPX241220C05900000,2024-09-20T17:02:57,1726851777607,87.69,22
1430,2024-09-20,SPX241220C05900000,2024-09-20T17:02:59,1726851779076,87.66,14
1431,2024-09-20,SPX241220C05900000,2024-09-20T17:02:59,1726851779076,87.66,8
1432,2024-09-20,SPX241220C05900000,2024-09-20T17:03:32,1726851812681,87.88,18
1433,2024-09-20,SPX241220C05900000,2024-09-20T17:03:39,1726851819933,87.91,18
1434,2024-09-20,SPX241220C05900000,2024-09-20T17:03:42,1726851822168,87.91,18
1435,2024-09-20,SPX241220C05900000,2024-09-20T17:03:44,1726851824024,87.81,18
1436,2024-09-20,SPX241220C05900000,2024-09-20T17:04:40,1726851880550,87.06,18
1437,2024-09-20,SPX241220C05900000,2024-09-20T17:05:08,1726851908745,87.02,22
1438,2024-09-20,SPX241220C05900000,2024-09-20T17:05:15,1726851915017,87.28,14
1439,2024-09-20,SPX241220C05900000,2024-09-20T17:05:15,1726851915018,87.28,6
1440,2024-09-20,SPX241220C05900000,2024-09-20T17:05:20,1726851920732,87.36,20
1441,2024-09-20,SPX241220C05900000,2024-09-20T17:05:23,1726851923394,87.38,22
1442,2024-09-20,SPX241220C05900000,2024-09-20T17:05:36,1726851936201,87.39,20
1443,2024-09-20,SPX241220C05900000,2024-09-20T17:07:08,1726852028056,88.09,20
1444,2024-09-20,SPX241220C05900000,2024-09-20T17:07:09,1726852029268,88.06,20
1445,2024-09-20,SPX241220C05900000,2024-09-20T17:07:11,1726852031058,88.18,4
1446,2024-09-20,SPX241220C05900000,2024-09-20T17:07:11,1726852031059,88.18,8
1447,2024-09-20,SPX241220C05900000,2024-09-20T17:07:11,1726852031137,88.18,2
1448,2024-09-20,SPX241220C05900000,2024-09-20T17:07:11,1726852031137,88.18,6
1449,2024-09-20,SPX241220C05900000,2024-09-20T17:07:12,1726852032031,88.19,2
1450,2024-09-20,SPX241220C05900000,2024-09-20T17:07:13,1726852033144,88.19,4
1451,2024-09-20,SPX241220C05900000,2024-09-20T17:07:13,1726852033600,88.13,22
1452,2024-09-20,SPX241220C05900000,2024-09-20T17:07:17,1726852037076,88.33,14
1453,2024-09-20,SPX241220C05900000,2024-09-20T17:07:17,1726852037121,88.38,8
1454,2024-09-20,SPX241220C05900000,2024-09-20T17:07:26,1726852046442,88.36,20
1455,2024-09-20,SPX241220C05900000,2024-09-20T17:07:28,1726852048240,88.36,6
1456,2024-09-20,SPX241220C05900000,2024-09-20T18:24:53,1726856693657,83.95,1
1457,2024-09-20,SPX241220C05900000,2024-09-20T19:11:03,1726859463465,85.3,1
1458,2024-09-20,SPX241220P04800000,2024-09-20T14:10:51,1726841451735,24.35,1
1459,2024-09-20,SPX241220P04800000,2024-09-20T14:32:32,1726842752831,23.69,114
1460,2024-09-20,SPX241220P04800000,2024-09-20T14:32:32,1726842752832,23.69,114
1463,2024-09-20,SPX241220P04800000,2024-09-20T14:32:32,1726842752833,23.69,399
1464,2024-09-20,SPX241220P04800000,2024-09-20T14:32:32,1726842752833,23.69,228
1465,2024-09-20,SPX241220P04800000,2024-09-20T14:32:32,1726842752833,23.69,342
1466,2024-09-20,SPX241220P04800000,2024-09-20T14:32:32,1726842752834,23.69,114
1467,2024-09-20,SPX241220P04800000,2024-09-20T14:51:04,1726843864203,23.69,228
1468,2024-09-20,SPX241220P04800000,2024-09-20T14:51:04,1726843864209,23.69,114
1469,2024-09-20,SPX241220P04800000,2024-09-20T16:15:08,1726848908203,23.5,36
1470,2024-09-20,SPX241220P04800000,2024-09-20T16:15:08,1726848908203,23.5,31
1471,2024-09-20,SPX241220P04800000,2024-09-20T16:56:30,1726851390886,22.52,2
1472,2024-09-20,SPX241220P04800000,2024-09-20T18:23:23,1726856603512,23.9,1
1473,2024-09-20,SPX241220P04800000,2024-09-20T19:11:02,1726859462167,23.44,1
1474,2024-09-20,SPX241220P04800000,2024-09-20T19:22:58,1726860178608,23.1,1
1475,2024-09-20,SPX241220P04800000,2024-09-20T19:43:16,1726861396334,22.05,1
1476,2024-09-20,SPX241220P04800000,2024-09-20T19:46:59,1726861619492,22.47,1
1477,2024-09-20,SPX241220P04800000,2024-09-20T19:50:45,1726861845373,22.72,1
1478,2024-09-20,SPX241220P04800000,2024-09-20T19:53:41,1726862021450,22.7,1
1479,2024-09-20,SPX241220P04800000,2024-09-20T19:57:26,1726862246047,22.33,300
1480,2024-09-20,SPX251219P02200000,2024-09-20T16:07:42,1726848462896,10.9,2
1481,2024-09-20,SPX241220P08000000,2024-09-20T15:33:51,1726846431129,2230.43,1
1482,2024-09-20,SPX241220C03000000,2024-09-20T15:42:25,1726846945517,2718.9,750
1483,2024-09-20,SPX241220C03000000,2024-09-20T15:42:25,1726846945517,2718.9,150
1484,2024-09-20,SPX241220C03000000,2024-09-20T15:42:25,1726846945517,2718.9,100
1485,2024-09-20,SPX241220C03000000,2024-09-20T19:06:07,1726859167642,2726.6,250
1487,2024-09-20,SPX241220P02000000,2024-09-20T15:15:36,1726845336935,0.7,1
1488,2024-09-20,SPX241220P02000000,2024-09-20T15:19:03,1726845543266,0.7,1
1492,2024-09-20,SPX241220P02000000,2024-09-20T16:01:33,1726848093868,0.6,6
1493,2024-09-20,SPX241220P08200000,2024-09-20T14:15:13,1726841713122,2421.47,10
1494,2024-09-20,SPX251219P02400000,2024-09-20T14:31:36,1726842696280,13.3,14
1495,2024-09-20,SPX241220P09000000,2024-09-20T13:41:53,1726839713572,3195.54,1
1496,2024-09-20,SPX241220P09000000,2024-09-20T14:52:03,1726843923463,3206.74,1
1497,2024-09-20,SPX241220P09000000,2024-09-20T15:08:50,1726844930189,3215.35,1
1499,2024-09-20,SPX241220P09000000,2024-09-20T15:09:22,1726844962572,3215.15,3
1500,2024-09-20,SPX241220P09000000,2024-09-20T15:09:22,1726844962572,3215.15,1
1501,2024-09-20,SPX241220P09000000,2024-09-20T15:12:56,1726845176551,3216.83,1
1502,2024-09-20,SPX241220P09000000,2024-09-20T15:15:57,1726845357892,3224.8,50
1503,2024-09-20,SPX241220P09000000,2024-09-20T15:15:57,1726845357892,3224.8,150
1504,2024-09-20,SPX241220P09000000,2024-09-20T15:21:35,1726845695794,3217.24,3
1505,2024-09-20,SPX241220P09000000,2024-09-20T15:41:00,1726846860039,3212.98,8
1506,2024-09-20,SPX241220P09000000,2024-09-20T15:54:10,1726847650085,3210.8,1
1507,2024-09-20,SPX241220P09000000,2024-09-20T15:56:07,1726847767554,3207.66,5
1508,2024-09-20,SPX241220P09000000,2024-09-20T16:00:46,1726848046559,3208.55,10
1509,2024-09-20,SPX241220P09000000,2024-09-20T16:14:53,1726848893803,3206.05,11
1510,2024-09-20,SPX241220P09000000,2024-09-20T19:37:33,1726861053125,3194.71,8
1511,2024-09-20,SPX241220P09000000,2024-09-20T19:46:52,1726861612155,3189.66,1
1512,2024-09-20,SPX241220P09000000,2024-09-20T19:46:52,1726861612155,3189.66,3
1513,2024-09-20,SPX261218P06000000,2024-09-20T14:12:27,1726841547593,516.52,1
1514,2024-09-20,SPX261218P06000000,2024-09-20T14:12:35,1726841555759,515.25,1
1515,2024-09-20,SPX251219C06000000,2024-09-20T15:01:50,1726844510941,331.73,1
1516,2024-09-20,SPX251219C06000000,2024-09-20T15:01:55,1726844515226,331.94,1
1517,2024-09-20,SPX251219C06000000,2024-09-20T15:01:56,1726844516871,331.86,1
1518,2024-09-20,SPX251219C06000000,2024-09-20T15:01:58,1726844518087,331.92,1
1519,2024-09-20,SPX251219C06000000,2024-09-20T15:01:59,1726844519119,331.84,1
1520,2024-09-20,SPX251219C06000000,2024-09-20T15:02:02,1726844522405,331.82,1
1521,2024-09-20,SPX251219C06000000,2024-09-20T15:02:07,1726844527194,331.49,1
1522,2024-09-20,SPX251219C06000000,2024-09-20T15:02:08,1726844528870,331.54,1
1523,2024-09-20,SPX251219C06000000,2024-09-20T15:02:10,1726844530063,331.49,1
